1984 3600
256 217 303 312 9¹6
453 214 748 287 T.errr

256 331 414 392 rismodis.
439 330 511 391 Inde
532 335 684 392 certamine
706 330 849 406 accensu,
869 327 940 393 Col·

256 412 357 472 latinus
374 429 456 495 negat
469 414 555 471 verbis
567 434 634 492 opus
646 412 695 491 effe
705 434 712 470 ε
720 415 821 492 paucis
837 415 871 471 id
882 416 942 491 quis

255 496 314 552 dem
328 495 399 553 horis
434 490 485 569 offe
493 491 576 570 sciri,
590 512 720 572 quantum
733 496 825 551 ceteris
835 495 937 572 praestet

255 575 379 634 Lucretia
390 515 452 648 Ᾰα.
474 574 607 653 Quin,fi
622 576 700 653 vigor
710 569 831 649 juvenca
853 574 936 653 inest,

255 653 452 732 conscendimus
473 676 578 732 equos,
600 651 743 731 invisimus
751 675 784 711 ue
799 651 938 733 presentes

255 736 399 815 nostrarum
414 736 522 813 ingenia
537 736 554 792 ?
569 734 606 792 Id
622 736 716 811 cuique
722 676 840 812 bellati
859 753 936 791 rmum

247 815 286 890 fit
294 858 305 884 ,
327 815 401 893 qnod
417 816 576 893 necopinato
595 814 647 871 viri
667 816 787 872 adventu
801 814 934 871 occurrerit

255 894 349 952 oculis.
366 892 542 951 Incaluerant
549 894 619 950 vino
629 914 636 950 :
648 895 711 973 Age
718 891 804 969 sant,
816 911 933 952 omnes:

254 974 372 1031 citatise
413 976 436 1030 is
453 971 569 1034 avolant
584 972 718 1031 Romam.
735 970 810 1051 Qub
830 993 931 1054 quum,

274 1054 351 1111 rimis
371 993 411 1110 {u
414 1052 623 1112 intendentibus
633 1053 779 1126 tenebris,
793 1049 933 1133 pervenis·

252 1073 332 1206 ient,
351 1148 472 1214 pergunt
494 1131 560 1191 inde
580 1129 733 1192 Collatiam
759 1132 809 1191 ubi
833 1132 932 1192 Lucre·

252 1212 341 1285 tiam,
360 1211 577 1293 haudquaquam
594 1229 625 1271 ut
637 1214 727 1295 regias
742 1232 830 1271 nurus
842 1258 853 1287 ‚
864 1231 927 1293 quas

251 1292 282 1349 in
301 1294 437 1352 convivio
455 1292 579 1374 luxuque
599 1313 664 1352 cum
681 1293 836 1374 aequalibus
852 1291 927 1352 vide·

252 1389 314 1430 rant
328 1388 441 1452 tempus
456 1389 597 1445 terentes,
616 1370 665 1430 sed
677 1370 760 1431 noble
778 1371 838 1432 seri
853 1371 926 1431 dedi·

251 1468 309 1511 tam
323 1452 393 1511 lanae
409 1454 483 1511 inter
497 1452 675 1511 lucubrantes
693 1451 809 1511 ancillas
825 1453 855 1510 in
872 1470 925 1510 me·

146 1533 235 1570 ΨΜ
254 1532 303 1592 dio
323 1532 428 1591 aedium
445 1531 590 1592 sedentem
603 1534 761 1594 inveniunt.
780 1531 925 1591 Muliebris

142 1582 218 1667 iiiii*
254 1615 413 1673 certaminis
424 1612 483 1672 laus
495 1633 583 1694 penes
592 1611 752 1671 Lucretiam
761 1611 832 1670 fuit:
845 1612 925 1670 adve·

253 1696 333 1752 niens
352 1695 399 1753 vir
412 1691 617 1775 Tarquiniique
640 1694 754 1772 excepti
779 1691 923 1783 benigne:

251 1773 343 1833 viblor
357 1774 472 1832 maritus
489 1775 609 1832 comiter
623 1773 725 1832 invitat
740 1775 836 1855 regios
849 1789 922 1852 juve·

191 1860 194 1869 '
239 1874 310 1912 nes.
329 1851 372 1912 Ibi
392 1850 508 1911 Sextum
533 1852 723 1934 Tarquinium
742 1855 817 1912 mala
838 1850 922 1912 libido

250 1932 387 1992 Lucretiae
408 1953 460 2012 per
482 1934 544 1991 vim
567 1930 725 2013 stuprandae
750 1936 849 2014 capit:
867 1949 921 1991 tum

249 2006 341 2071 Ponna
351 2056 360 2085 ‚
370 2029 430 2070 tum
442 2009 564 2092 spetlata
582 2011 689 2071 castitas
701 2014 806 2073 incitat.
819 2012 854 2072 Et
866 2029 920 2072 tum

250 2092 366 2173 quidem
380 2091 416 2151 ab
433 2091 571 2154 noblurno
586 2091 707 2173 juvenili
718 2092 788 2152 ludo
799 2095 829 2151 in
841 2090 922 2152 castra

248 2173 377 2233 redeunt.
604 2228 605 2232 ,

143 2308 148 2317 ,
163 2262 167 2270 ’
184 2260 215 2297 ’ΞΜ
290 2251 396 2313 LVIII.
410 2252 509 2312 Paucis
525 2250 675 2331 interjeblis
690 2252 812 2326 diebus,
826 2249 919 2317 Sextus

139 2319 222 2409 ‘’ii'u-
249 2332 436 2414 Tarquinius,
452 2330 539 2391 inscio
558 2329 724 2406 Collafinn,
741 2354 807 2392 cum
822 2333 919 2391 comite

161 2415 189 2441 ⁸·
249 2428 307 2470 uno¹
324 2409 478 2475 Collatiam
496 2411 576 2485 uenit
594 2433 604 2484 3
622 2414 672 2470 ubi
691 2429 827 2494 exceptus
847 2410 920 2471 beni·

248 2491 303 2572 gne
321 2489 356 2547 ab
370 2491 471 2569 ignaris
487 2487 614 2564 constlii,
632 2513 719 2573 quum
738 2491 802 2574 post
813 2508 918 2552 coenam

246 2574 276 2629 in
284 2567 341 2628 hos
356 2568 422 2627 itale
434 2569 596 2629 cubiculum
605 2571 740 2631 deductus
752 2571 835 2645 esset,
848 2591 919 2630 amo·

245 2671 276 2709 re
296 2591 417 2721 arciens,
432 2648 496 2730 post
537 2672 582 2709 am
595 2649 658 2711 satis
676 2669 735 2710 tuta
749 2653 836 2726 circa,
850 2650 918 2732 sopi·

245 2732 323 2811 tique
340 2751 440 2789 omnes
459 2671 648 2805 agitantur,
665 2730 759 2791 striblo
791 2733 866 2790 ladio
886 2727 917 2787 ad

245 2810 435 2874 dormientem
454 2810 614 2874 Lucretiam
637 2814 737 2888 venit,
805 2810 917 2890 'straque

837 2908 915 2955 manu
