1984 3600
218 226 466 299 erarn
525 222 605 298 IV.
699 243 772 328 393·

52 354 146 399 morte
164 342 300 426 collegae
317 365 381 426 per
393 343 699 427 senatumquaestiones
718 348 881 407 de-===

53 422 244 483 cernentibus
257 471 269 499 ,
290 425 411 485 tribuni
426 425 518 506 plebis
531 426 746 486 intercedebant
759 448 767 488 a
778 426 879 523 233⁶·ng

55 495 100 557 sed
119 522 155 561 ea
171 508 343 566 contentio
363 527 403 566 ex
421 509 573 566 certamine
587 506 645 567 alio
662 507 770 586 pende·
819 503 825 515 '

54 575 100 637 bat
116 604 126 654 3
141 585 230 663 qubd
248 608 327 651 cura
339 586 495 659 ,incesserat
510 586 606 647 Patres
616 631 626 661 ,
638 607 675 646 ne
688 604 770 648 metu

57 660 257 739 quaestionum
279 666 378 749 plebs
390 668 487 747 itique
504 668 632 727 tribunos
644 667 769 727 militum

59 757 94 798 ex
117 742 209 823 plebe
243 764 370 807 crearet
395 770 405 822 ;
424 746 578 808 tendebant
619 768 635 807 e
658 746 770 814 summi

61 839 136 898 ope,
156 842 190 884 ut
208 826 362 888 consules
381 845 551 889 crearentur.
573 769 676 906 &lium
692 826 772 888 sena·

62 900 276 976 tusconsultum
297 907 371 969 freti
387 909 490 968 tribuni
506 907 599 989 plebis
619 929 679 967 non
692 925 770 989 pate·

64 998 180 1059 rentur,
204 988 310 1049 iidem
342 989 552 1048 intercederent
575 987 770 1048 consularibus

73 1065 190 1125 comitiis
201 1089 282 1141 ,res
294 1070 337 1128 ad
356 1072 550 1150 interregnum
566 1069 659 1129 rediit.
672 1067 769 1134 vitto,

70 1140 106 1208 tia
119 1143 229 1208 deinde
275 1170 352 1209 enes
373 1149 469 1209 Patres
485 1147 547 1209 fuit,
764 1192 769 1201 ,

27 1268 28 1275 κ
106 1220 154 1284 LI.
170 1172 272 1307 (MP
306 1232 339 1289 io
355 1229 502 1304 Vibulano
518 1233 659 1310 interrege
678 1232 878 1290 comta-

71 1300 107 1358 tia
125 1304 282 1384 habente,
303 1308 436 1370 consules
454 1312 541 1370 creati
557 1309 619 1369 sunt
636 1310 675 1370 Α.
691 1309 767 1371 Cor·
777 1278 878 1372 ll'c‘jlissl

71 1383 159 1444 nelius
176 1387 314 1465 Cossus,
335 1390 368 1450 L.
387 1390 488 1450 Furius
507 1389 693 1449 Medullinus.
712 1390 767 1449 His
777 1374 877 1469 ffiiff'*

76 1463 235 1529 consulibus
256 1471 408 1552 principio
420 1472 486 1529 anni
499 1468 768 1542 senatusconsultum
779 1472 878 1560 {gffffls’

76 1538 176 1614 sallum
195 1549 261 1624 est,
281 1568 318 1611 ut
342 1552 378 1610 de
400 1549 556 1631 questione
579 1548 768 1613 Postumiana
795 1546 877 1620 Quina

27 1672 28 1675 ,
80 1625 160 1686 caedis
181 1631 297 1700 tribuni
323 1634 416 1712 primo
442 1651 557 1712 quoque
574 1646 716 1711 tempore
731 1630 768 1689 ad
777 1617 879 1704 ,²222ssss

83 1703 196 1780 plebem
203 1710 339 1785 serrent;
350 1710 503 1793 plebesque
513 1708 671 1791 praesiceret
680 1709 771 1789 quaes-

81 1784 149 1846 tioni
166 1812 258 1872 quem
276 1793 378 1864 vellet.
399 1791 429 1852 Α
446 1791 531 1873 plebe
555 1788 691 1850 consensu
714 1813 772 1872 po-

87 1866 144 1942 puli
157 1873 327 1935 consulibus
346 1875 494 1955 negotium
513 1870 660 1930 mandatur
678 1894 687 1945 ;
700 1874 772 1953 qui,

88 1941 193 2011 summa
209 1956 415 2015 moderatione
434 1975 466 2012 ac
486 1953 600 2012 lenitate
627 1972 679 2032 per
700 1974 772 2033 pau-

92 2044 183 2091 corum
218 2034 422 2118 supplicium,
449 2055 523 2114 quos
554 2030 666 2091 sibimet
693 2032 771 2113 ipsos

94 2108 216 2174 conscisse
237 2133 363 2176 mortem
377 2113 440 2173 satis
458 2113 598 2172 creditum
613 2110 674 2185 est,
688 2112 774 2171 trans·
867 2160 869 2163 .

27 2221 29 2248 t
93 2184 148 2247 ada
158 2213 206 2266 te,
219 2199 380 2336 nequivere
392 2212 487 2253 tamen
505 2190 640 2270 consequi
652 2235 660 2264 ,
672 2210 773 2249 utnon

26 2293 31 2312 ³
96 2275 234 2350 egerrime
248 2280 258 2336 i
295 2277 377 2357 plebs
393 2273 480 2334 ferret
494 2293 501 2331 t
514 2274 607 2334 Iacere
620 2274 723 2330 tamdiu
737 2274 774 2336 ir,-

27 2375 29 2409 ;
95 2348 155 2408 ritas
164 2352 342 2430 fimflz'ones,
361 2376 419 2436 quae
437 2351 541 2430 defuis
558 2353 703 2411 commodis
715 2350 773 2430 ser·
797 2400 801 2414 .

26 2463 31 2474 a
99 2446 177 2491 rentur
191 2458 203 2507 ;
223 2459 305 2517 quum
318 2439 420 2501 interim
432 2436 465 2494 de
476 2431 656 2514 sanguineae
666 2430 772 2512 firppli·

26 2540 29 2550 ν
98 2509 135 2566 cio
147 2511 197 2588 fito
217 2519 304 2578 latam
326 2519 406 2598 legem
433 2512 566 2596 confestim
589 2516 718 2584 exerceri,
743 2514 772 2573 δ’

26 2617 32 2654 r
97 2601 259 2659 tantamvim
268 2598 368 2657 habere.
378 2592 562 2676 Aptissimum
570 2611 684 2674 tempus
694 2610 770 2667 etat,

26 2695 32 2728 t
100 2670 240 2737 vindicatis
257 2677 459 2749 seditionibus,
475 2676 700 2734 delenimentum
712 2674 770 2730 ani-

101 2750 149 2808 mis
158 2752 256 2821 Bolani
268 2780 284 2816 a
303 2761 325 2816 ri
337 2754 507 2817 divisionem
517 2752 604 2834 objici
613 2776 622 2826 3
630 2773 688 2831 quo
695 2751 769 2814 faslo

26 2859 30 2890 ι
103 2830 252 2899 minuissent
265 2779 446 2907 ‚desiderium
464 2836 576 2972 agratilag
591 2834 684 2914 legis,
706 2853 771 2912 quae¹

594 2933 615 2974 v
