1984 3600
237 207 283 297 84
433 211 469 281 Τ.
517 214 545 283 L
569 230 644 284 rr
665 232 687 285 r
711 223 731 285 t

236 326 355 386 multare
373 343 485 407 poterat
506 350 566 388 non
592 328 733 410 suspectos
754 325 846 388 modo
867 339 909 386 aut

234 405 362 481 invisos,
381 405 430 467 sed
449 408 526 468 unde
550 410 620 468 nihil
639 411 715 469 aliud
730 410 819 491 quiin
843 427 909 489 pra*

237 487 304 546 dam
324 486 433 568 sperare
449 487 549 569 pollet.
572 489 615 549 lta
639 490 753 549 Parrum
773 487 929 571 praecipue.

236 588 358 628 numero
377 570 547 643 imminuto,
558 567 651 628 statuit
665 570 762 629 nullos
776 573 808 628 in
821 568 909 626 Patres

237 646 266 706 le
285 650 412 730 ere‚quo
423 651 615 730 contemptior
621 652 760 731 paucitate
769 651 833 730 ipsi
842 646 908 707 ordo

237 747 254 786 e
276 745 325 801 et,
344 729 492 810 minusque
514 750 566 809 per
585 727 613 788 se
630 729 703 788 nihil
723 732 769 811 agi
790 728 909 809 indigna·

236 825 340 867 rentun
356 808 413 868 Hic
425 811 503 868 enirn
517 828 616 891 regum
633 811 741 889 primus
754 809 908 868 tradituma

236 889 378 1024 Prioribus
391 909 505 948 morem
520 889 556 948 de
568 889 701 949 omnibus
712 887 839 948 senatum
850 908 910 947 con·

249 967 345 1027 ulendi
360 966 465 1028 solvit:
484 967 647 1028 domesticis
661 968 786 1029 confiliis
799 988 909 1048 rempu-

235 1046 341 1107 blicam
356 1047 576 1108 administravit:
593 1048 702 1109 bellum
712 1095 723 1124 ‚
733 1046 908 1130 pacem,soe·

236 1126 322 1201 deta,
340 1126 486 1188 societates
506 1150 559 1210 per
579 1126 608 1188 se
627 1127 709 1208 ipse,
725 1151 792 1190 curn
810 1127 905 1211 quibus
961 1169 962 1178 r

235 1208 350 1282 voluit,
363 1207 463 1289 injussu
478 1209 579 1290 populi
593 1230 625 1267 ac
642 1207 752 1269 senariis
768 1208 854 1282 fecit,
872 1207 908 1265 di·

158 1287 225 1364 ffsus
236 1291 386 1370 remitque.
403 1288 569 1349 latinorum
585 1288 637 1347 sibi
655 1290 780 1349 maxime
799 1299 906 1372 gentem
963 1301 964 1344 i

128 1348 209 1426 cirin
236 1369 423 1443 conciliabat,
443 1386 475 1429 ut
496 1370 651 1508 perffirinis
668 1390 785 1451 quoque
809 1367 904 1451 opibus
964 1419 965 1448 q

234 1452 322 1509 tutior
347 1453 420 1509 inter
446 1452 524 1511 cives
585 1466 642 1522 et;
668 1469 762 1531 neque
793 1448 905 1530 hospitia

234 1529 326 1589 modo
343 1551 409 1591 cum
420 1529 592 1610 primoribus
606 1550 724 1602 eorum,
734 1528 785 1589 sed
798 1527 906 1589 affinita·
965 1535 966 1568 ³

234 1626 347 1693 tesquo
388 1609 555 1692 eiungebat.
568 1608 693 1670 Octavio
703 1609 835 1671 Mamilio
843 1604 906 1668 Tus·

235 1692 337 1750 eulano
349 1633 402 1772 lis
421 1692 506 1771 longe
530 1692 661 1770 princeps
679 1686 774 1749 Latini
789 1690 904 1751 nominis

235 1788 316 1846 erat,
333 1769 355 1829 si
369 1770 451 1830 famae
464 1769 624 1844 credimus,
642 1768 677 1828 ab
687 1769 789 1851 Ulysle
803 1772 905 1852 deaque
967 1767 968 1776 ’

235 1850 321 1913 Circe
336 1848 492 1929 oriundus)
506 1852 533 1909 ei
545 1849 678 1909 Mamilio
695 1850 784 1910 filiam
795 1869 903 1932 nuptum

233 1931 284 1990 dat
296 1952 308 2003 ;
321 1949 429 2011 perque
444 1950 490 1988 eas
505 1932 616 2011 nuptias
624 1931 732 1991 multos
745 1931 798 1991 fibi
811 1950 903 2013 cogua·

149 2080 152 2083 ¹
234 2027 281 2069 tos
301 2008 462 2091 amicosque
480 2008 541 2090 ejus
559 2012 703 2071 conciliat.

275 2090 308 2150 L.
323 2090 386 2151 lam
396 2110 499 2171 magna
515 2088 663 2173 Tarquinii
678 2092 824 2153 aucloritas
839 2095 905 2151 inter

234 2170 400 2232 Latinorum
413 2191 555 2310 Kroceres
568 2189 646 2247 erat,
663 2194 769 2254 quum,
785 2176 813 2233 in
833 2173 903 2231 diem

234 2270 341 2313 certam
350 2269 413 2311 uta
448 2251 905 2323 lucumFerentinaeconveniant,

234 2333 356 2393 indicit:
378 2330 442 2410 effe,
457 2353 515 2410 quae
537 2353 610 2411 agere
625 2335 657 2390 de
673 2336 751 2393 rebus
770 2334 905 2394 communi·

156 2411 286 2471 mmm
311 2414 385 2471 velit.
414 2408 602 2469 Conveniunt
628 2411 791 2493 frequentes
820 2411 905 2494 primi

127 2509 161 2535 ’θ’
236 2492 300 2551 luce
315 2488 394 2571 :ipse
409 2487 580 2570 Tarquinius
598 2491 676 2551 diem
733 2494 809 2554 'dem
823 2492 907 2553 serva·

157 2584 160 2589 ⁴
192 2634 195 2639 ⁴
234 2574 300 2644 vit,
315 2569 364 2629 sed
379 2570 463 2650 paulo
485 2570 550 2629 ante
564 2616 572 2641 ‚
587 2574 672 2653 quim
687 2515 907 2643 silentum,

233 2655 324 2713 venit.
343 2650 437 2709 Multa
451 2648 491 2709 ibi
507 2653 568 2711 toti
583 2653 629 2712 die
646 2655 676 2711 in
691 2656 814 2714 concilio
826 2654 905 2712 variis

234 2731 333 2813 jaciam
341 2730 517 2791 sermonibus
525 2751 613 2792 erant.
622 2732 735 2792 Turnus
747 2734 904 2794 Herdonius

234 2810 715 2881 ahAriciaserociterinabsemem
722 2813 907 2898 Tarquinium
