1984 3600
190 208 412 274 Litium
472 200 576 269 III.
659 223 727 272 221

60 315 153 390 leniit,
167 341 202 379 ne
212 315 312 401 jugum
327 318 474 397 accipiant.
499 317 533 375 Si
552 317 658 376 animus
667 317 705 395 fit
714 360 725 388 ,
735 345 834 377 εει

57 420 104 458 noo
117 397 202 479 defore
226 399 364 458 auxilium
380 395 547 476 :consentire
569 418 657 457 omnes
679 398 726 457 iri·
737 399 832 490 Ud'²⁹¹'

58 479 132 539 bunos
150 502 160 540 τ
176 480 282 541 culhem
300 496 601 549 tenoremextemum,
621 462 753 537 nudum*
777 458 840 499 '⁴⁵⁹'
873 508 878 515 ·

54 561 188 638 podendum
205 557 261 637 effe.
279 557 385 638 Covtffe
399 561 463 618 deos
502 560 566 618 tiore
582 580 678 629 anno,
695 576 727 618 ut

59 641 107 699 itui
123 641 230 701 libertos
248 638 355 720 defendi
365 634 458 720 poffet.
475 580 547 699 ὗες
564 638 679 699 tribuni.

93 719 140 781 XI.
156 719 199 781 At
214 742 251 781 ex
269 737 350 801 parte
364 719 451 780 altera
465 719 595 780 consules
611 722 641 779 in
657 741 727 780 con·

60 797 142 879 spedu
160 820 282 874 eorum,
301 797 400 881 positis
415 799 510 874 sellis,
528 798 670 860 deieiium
681 801 728 859 ha·

61 878 153 941 bebant
164 904 172 942 ε
184 883 218 940 eb
231 882 385 941 decurrunt
400 881 525 955 tribuni,
540 883 728 942 concionem-

66 980 114 1039 que
130 959 218 1021 secum
234 961 350 1021 trahunt
360 983 368 1021 τ
380 962 456 1021 citati
466 963 571 1042 pauci,
589 961 670 1021 velut
684 963 726 1020 tei
779 956 785 971 ’

69 1042 229 1119 expedtmdae
249 1041 354 1114 causi,
379 1042 411 1102 &
435 1039 527 1101 statim
552 1043 597 1100 vis
617 1058 726 1102 coorta.

68 1116 270 1202 Quemcumque
288 1120 370 1181 lictor
385 1117 455 1199 juffu
472 1118 594 1184 consulis
609 1121 729 1202 prehen
819 1124 824 1133 '

68 1197 149 1275 diuet,
159 1202 281 1262 tribunus
298 1203 372 1261 mitti
386 1199 503 1282 jubebat
515 1224 525 1276 3
540 1221 576 1261 ne
617 1201 728 1261 esuum

67 1281 158 1361 cuique
178 1280 219 1362 jus
238 1282 361 1342 modum
384 1278 532 1356 faciebat,
552 1279 581 1340 se
622 1283 728 1342 virium

68 1358 127 1441 spe,
142 1360 188 1420 se'd
202 1383 286 1421 manu
296 1361 485 1421 obtinendum
504 1378 582 1434 etat,
594 1361 673 1442 quod
686 1364 730 1419 in-

67 1440 195 1502 tenderes.
217 1441 473 1521 Quemadmodum
493 1440 522 1501 se
544 1440 651 1499 tribuni
669 1439 730 1521 ges·

69 1517 155 1578 fiffent
165 1523 193 1579 in
204 1520 382 1602 prohibendo
399 1520 529 1592 deletio,
539 1517 577 1578 stc
593 1520 688 1579 Patres
699 1523 730 1577 in

70 1598 98 1658 le
118 1619 153 1672 e,
170 1623 226 1682 que
238 1623 287 1683 per
304 1622 406 1663 ontnes
429 1600 589 1661 comitiales
612 1599 674 1657 dies
690 1596 732 1657 fe-

71 1619 187 1754 teiam,
201 1683 378 1763 impedienda
387 1680 533 1763 gerebant.
542 1678 659 1738 Initium
673 1696 733 1738 etat

72 1761 153 1833 tixae,
169 1782 248 1844 quum
273 1762 418 1824 discedere
442 1760 585 1843 populum
600 1755 733 1838 juffiffent

68 1841 180 1918 tribuni,
195 1845 272 1925 quod
290 1844 385 1904 Patres
407 1840 436 1902 se
456 1840 631 1902 summoveri
656 1838 732 1899 haud

71 1918 197 1984 fiuebmt:
211 1946 264 1985 nec
279 1922 339 1984 fere
357 1922 491 1982 seniores,
501 1924 543 1981 tei
560 1924 731 1994 intererant3

73 2003 115 2081 qui
133 2023 166 2082 pe
174 2025 234 2085 quae
245 2026 306 2065 non
320 2001 439 2065 consilio
451 2002 594 2084 regenda,
610 2000 659 2060 sed
670 2023 733 2081 per·

71 2024 141 2140 nudi
151 2086 296 2144 temeritati
313 2083 492 2164 audaciaeque
514 2080 589 2142 effet.
606 2080 733 2140 Multum

73 2161 104 2220 dc
118 2162 235 2224 consules
250 2162 278 2223 se
296 2161 487 2234 abstinebant,
506 2181 542 2219 ne
562 2162 608 2219 cui
624 2163 654 2217 in
671 2161 734 2218 col·

72 2238 175 2301 luvione
188 2264 282 2303 rerum
300 2240 476 2305 ma'estatem
493 2237 571 2298 suam
586 2255 734 2298 contume-

71 2319 113 2378 iiae
132 2319 265 2383 offerrent.
285 2265 368 2383 Caeio
388 2338 447 2381 etat
462 2317 628 2398 Quintius,
650 2317 733 2379 ferox
765 2338 816 2398 ceo

74 2395 262 2496 {uveniszquit'
272 2402 419 2497 nobilitate
431 2400 611 2483 gentis,qui
631 2389 842 2482 corpo-Q‘W'm'*

73 2482 300 2636 miii&
315 2479 737 2642 ?5s3'¹2¹i't¹1⁵issi‘ii¹ss¹¹iit

76 2636 186 2714 decora,
199 2639 414 2723 facundiamque
432 2643 461 2700 in
475 2641 540 2701 foro
558 2664 567 2716 3
584 2659 615 2718 ut
628 2663 736 2716 nemo,
753 2707 755 2714 ,

78 2733 132 2807 nun
142 2717 249 2801 lingua,
263 2742 322 2782 non
338 2742 444 2795 manu,
459 2723 638 2804 promptior,
656 2723 686 2779 in
699 2723 738 2779 ci-

81 2809 155 2860 uitate
172 2799 325 2865 haberetur.
340 2801 419 2877 Hic,
438 2821 528 2940 qun}
538 2800 676 2892 itt-medio
688 2798 742 2871 Pa·¹

546 2899 578 2959 ιι]
