1984 3600
233 286 455 361 [ΗΜ
515 287 555 356 V.
661 308 734 397 497

38 394 159 477 ‘’fitrmas
171 422 187 474 ‚·
200 404 326 463 Fidenas
341 405 403 462 inde
417 422 466 463 aut
479 402 586 463 Gabios
596 447 605 478 ‚
614 402 732 463 aliamue

38 502 112 540 uam
131 484 238 542 urbem
259 484 389 563 quastturi
401 484 515 560 sumus,
536 484 589 563 qui
611 482 733 561 transmi-

37 565 170 622 ‘emus?
186 565 275 623 Adeo
290 566 363 624 mihil
376 582 445 624 tenet
456 561 546 641 fitium
555 567 672 646 patria,
683 585 732 625 nec

39 663 87 701 aec
99 661 201 718 testa,
223 668 305 723 quam
321 661 427 705 matrem
441 647 612 726 appellamus
624 668 637 718 ;
644 644 695 724 sed
704 648 734 706 in

36 724 179 803 uperficie
195 723 330 807 tignisque
347 728 447 785 caritas
459 728 538 787 nobis
554 729 650 807 patria
667 748 734 808 pett-

36 807 78 862 let
95 805 116 863 ?
135 806 301 883 Equidem,
310 805 421 884 satebor
429 808 508 866 vobis
517 806 531 888 (
541 809 588 885 etfi
595 807 686 866 minius
695 809 734 867 in·

38 886 117 943 uria
136 888 234 966 vestra
242 931 254 959 ,
272 888 352 966 quim
366 908 428 947 mea
445 889 630 961 calamitatis,
648 889 736 947 memi-

35 962 106 1044 nff
118 961 216 1043 juvat
236 964 249 1046 )
270 989 351 1046 quum
372 965 504 1046 abeffem,
526 967 736 1048 quotiescumque

34 1049 139 1114 patria
156 1049 188 1105 in
206 1065 316 1107 mentem
331 1051 452 1123 ueniret,
468 1050 523 1108 hat
539 1051 632 1109 omnia
649 1069 738 1109 occur·

34 1118 144 1189 rebant
149 1172 161 1199 ‚
175 1128 261 1186 colles
269 1171 280 1199 ,
294 1131 453 1209 campique,
467 1130 495 1190 o
512 1131 633 1202 Tiberis,
648 1129 676 1190 θ’
693 1127 737 1208 os·

33 1206 125 1288 sueta
143 1209 236 1267 oculis
247 1210 332 1290 regio,
347 1209 434 1270 &Itos
448 1209 612 1289 eal1tm‚sub
625 1233 677 1290 quo
688 1233 739 1272 πα·

748 408 845 458 Α

747 483 763 525 U
776 480 842 534 eq&-

745 531 846 585 ’.ΟΜ

39 1308 91 1350 tus
113 1286 296 1368 educatusque
312 1286 385 1367 effltm
404 1312 486 1370 :quet
502 1312 576 1362 uos,
595 1293 738 1370 Quirites,
818 1359 821 1363 Α

40 1392 124 1434 nunc
147 1389 276 1432 moueant
291 1370 387 1450 potius
404 1388 517 1431 cantate
527 1369 608 1448 fied,
631 1388 663 1430 ut
682 1391 740 1431 ma.

45 1452 146 1513 neatis
157 1448 260 1528 insede
269 1453 373 1532 uestra,
388 1452 469 1531 quim
482 1453 574 1533 postea
580 1495 593 1523 ,
606 1473 687 1529 quum
701 1473 740 1511 re·

47 1533 190 1613 liqueritis
212 1555 271 1603 ea,
294 1550 423 1592 macerent
443 1533 575 1611 defideno.
598 1533 666 1592 Non
681 1531 753 1611 stnsv

51 1610 144 1691 causa
160 1612 201 1670 dii
211 1610 377 1692 hominesque
391 1615 461 1674 tune
478 1614 537 1673 urbi
548 1615 688 1673 condenda
699 1613 741 1673 lo·

51 1717 118 1760 eum
141 1693 291 1773 elegerunt,
305 1691 490 1769 setmbemimos
512 1693 617 1766 colles,
634 1696 740 1774 flumem

53 1792 257 1860 opportunum,
272 1795 324 1853 quo
342 1797 376 1834 ex
393 1776 589 1835 mediterraneis
601 1775 669 1834 loeis
677 1772 741 1856 sru-

51 1881 103 1946 ges
114 1855 295 1930 devehantur,
311 1877 363 1936 quo
379 1858 506 1914 maritimi
522 1875 683 1915 commeatus
694 1878 740 1915 ac·

55 1953 224 2021 acquantum
241 1956 312 1993 mare
328 1938 447 1995 uicinum
466 1937 506 1995 ad
519 1939 718 1998 commoditates
728 1943 751 2012 ,'

57 2043 109 2086 nec
129 2018 269 2098 expostum
290 2017 377 2079 nimii
388 2019 589 2097 propinquitate
613 2020 653 2076 od
672 2021 742 2096 pert}

59 2102 126 2166 cula
150 2097 264 2175 clafflum
282 2114 448 2157 externorum
467 2119 480 2169 ;
498 2099 631 2177 regionum
650 2098 741 2169 Italia

61 2182 200 2250 medium,
213 2180 253 2237 ad
266 2177 450 2237 incrementum
463 2177 536 2234 urbis
555 2194 649 2235 natum
663 2178 741 2240 unici

62 2267 167 2333 locum.
182 2262 342 2344 Argumenta
367 2259 401 2338 esi
427 2255 487 2335 ipsa
508 2257 663 2335 magnitudo
683 2273 739 2321 tarn

63 2364 147 2414 noua
161 2341 229 2398 urbis
244 2359 253 2397 ι
267 2342 454 2417 trecenttsmus
465 2333 647 2416 sexagefimus
663 2338 744 2414 quin·

63 2446 113 2495 tus
129 2442 213 2483 annus
228 2418 299 2479 urbis
315 2464 324 2493 ,
341 2421 478 2499 Quirites,
496 2419 604 2499 agitur:
620 2419 689 2478 inter
703 2435 744 2489 tos

64 2504 213 2572 veterrimos
219 2500 336 2579 populos
344 2502 448 2563 tamdiu
458 2498 528 2560 bella
538 2499 629 2581 geritis
635 2521 649 2571 ;
660 2521 742 2580 quum

66 2593 170 2655 interea
177 2626 188 2653 ,
201 2603 231 2639 ne
238 2579 362 2659 sngulas
377 2582 475 2658 loquar
487 2579 583 2652 urbes,
603 2601 658 2639 nore
679 2601 743 2640 con·

61 2668 154 2756 juniii
164 2682 217 2720 eum
231 2660 335 2737 AEquis
346 2659 453 2741 Volsci,
468 2676 508 2720 tot
520 2677 575 2718 tam
587 2661 685 2719 ualida
694 2681 744 2740 op.

66 2749 158 2838 pido,
167 2763 214 2801 nott
230 2736 351 2815 uniuersa
363 2741 472 2799 Etruria
489 2756 592 2798 tantum
605 2739 672 2797 terrei
679 2761 744 2813 may

71 2834 147 2908 (ique
155 2821 255 2902 pollens
264 2863 274 2888 ,
284 2836 364 2897 atque
373 2820 443 2881 inter
453 2821 506 2878 duo
518 2818 604 2878 mario
619 2818 744 2879 meandi.

71 2929 132 3001 nem
143 2903 254 2972 obtinens
262 2891 447 2983 lulinghem
461 2897 648 2986 tobisqrares.
660 2896 747 2985 Quod
