1984 3600
166 223 170 227 ·
262 211 326 284 168
453 207 746 283 mirrrr

145 340 245 388 Le:
258 328 341 395 blicae
359 329 451 404 vicit,
465 331 561 390 necin
577 329 700 412 praesens
718 328 809 389 modb
820 373 830 403 ‚
840 322 885 388 sed
894 320 933 411 ln
970 346 971 385 l

148 411 248 506 {33:315
258 412 423 473 venientem
444 412 530 469 etiarn
548 430 653 469 annum
668 408 714 469 M.
731 409 849 469 Fabium
868 406 933 469 Cae·

167 508 197 547 M.
209 507 246 546 fa„
258 487 334 550 sonis
350 487 486 564 fratrem,
504 493 537 552 &
558 492 647 571 magis
673 487 799 550 invisum
820 489 932 549 alterum
971 550 972 555 χ

148 555 244 644 Ῑῧξιξήξ·
259 569 358 650 plebi,
372 569 546 630 accusatione
561 568 612 651 Sp.
626 567 730 644 Caffii,
741 569 775 629 L.
787 560 930 628 Valeriani
971 562 972 601 ³

147 649 204 693 Μ·
260 650 388 711 consules
405 651 493 710 dedit.
508 648 655 710 Certatum
672 671 709 711 eo
727 668 844 732 quoque
860 666 942 723 anno

259 751 325 790 cum
341 730 457 790 tribunis
473 729 514 790 est
528 752 535 791 :
548 751 622 790 vana
637 730 702 805 lex,
722 734 847 811 vanique
864 730 890 788 le
910 731 930 787 's

259 809 407 883 nudiores,
427 809 557 891 jadiando
577 814 690 869 irritum
712 831 837 883 munus,
859 748 929 870 figi.

258 885 377 949 Fabium
394 891 461 951 inde
478 911 584 950 nomen
602 892 701 973 ingens
718 887 784 971 post
797 907 854 949 tres
865 910 928 949 con·
973 958 974 967 χ

256 971 352 1029 tinuos
376 970 563 1042 consulatus,
587 991 705 1052 unoque
728 968 811 1029 ‘velut
834 984 929 1029 tenore
973 978 974 1021 ἶ

256 1069 359 1109 ornnes
379 1068 513 1132 expertos
531 1049 683 1110 tribunitiis
708 1049 930 1123 certaminibus,

190 1194 217 1206 ,Ι
256 1128 384 1189 habitum
400 1153 408 1191 :
427 1133 542 1214 itaque,
557 1147 589 1190 ut
606 1127 930 1203 benelocanrs,mans1t
974 1164 975 1183 1

257 1209 287 1267 in
308 1230 342 1268 ea
364 1209 469 1269 sa'milia
492 1210 666 1292 aliquamdiu
688 1209 794 1269 honos.
821 1207 928 1268 Bellum

168 1292 173 1301 '
256 1289 324 1349 inde
335 1289 443 1350 Veiens
456 1292 558 1349 initum
571 1312 580 1363 3
592 1284 734 1351 &Volsci
745 1289 927 1348 rebellarunt:

257 1368 306 1428 sed
324 1371 360 1430 ad
376 1370 451 1430 bella
466 1387 581 1431 externa
600 1371 692 1451 prope
713 1368 874 1450 supererant
887 1371 927 1427 vi·
975 1376 976 1415 ἒ

257 1451 569 1533 res,abutebanturque
578 1451 693 1509 iisinter
701 1448 865 1530 semetipsos
875 1469 927 1508 cer·

257 1532 353 1592 tando.
379 1529 527 1592 Accessere
549 1529 584 1602 acl
607 1550 693 1612 aegras
717 1527 776 1609 jam
805 1527 927 1589 oninium

257 1629 367 1672 mentes
383 1612 514 1694 prodigia
528 1608 670 1684 coelestia,
684 1611 777 1691 prope
794 1610 927 1690 quotidia-

256 1712 306 1751 nas
318 1695 348 1751 in
356 1691 426 1752 urbe
436 1691 561 1773 agrisque
574 1688 741 1750 ostentantia
752 1690 842 1749 minas
854 1711 861 1748 :
871 1709 928 1748 rno-

256 1773 335 1853 tique
349 1773 390 1832 iri
405 1774 528 1832 numinis
545 1769 655 1831 causam
670 1770 776 1830 nullam
790 1769 875 1829 aliam
885 1789 928 1827 va·

255 1867 299 1909 tes
318 1851 473 1926 canebant,
493 1852 606 1932 pubch
627 1853 836 1933 privatimque,
857 1869 927 1910 nunc

256 1933 348 2004 extis,
366 1951 439 1990 nunc
456 1952 509 2012 per
524 1952 591 1993 aves
602 1929 742 2005 consulti,
756 1930 842 2011 quiin
854 1926 926 1988 haud
977 1967 979 2004 4

254 2012 307 2069 rite
324 2008 398 2069 sacra
414 2008 496 2071 fieri:
514 2012 562 2093 qui
579 2029 700 2071 terrores
711 2027 807 2069 tamen
821 2010 858 2068 eb
869 2029 928 2068 eva·
978 2025 979 2036 ¹

254 2087 314 2150 sere
329 2135 338 2164 ,
354 2107 385 2149 ut
402 2088 519 2172 Oppia,
535 2093 618 2174 virgo
638 2089 781 2165 Vestalis,
801 2089 928 2149 damnata

139 2215 237 2230 ...-
254 2170 351 2231 incesti
386 2191 464 2230 oenas
482 2172 601 2231 dederit.
705 2233 711 2238 .

141 2244 239 2341 §³322ss
293 2193 398 2311 XLlll.
414 2249 457 2329 Q.
471 2251 573 2311 Fabius
583 2250 650 2311 inde
664 2250 698 2313 &
708 2248 745 2312 C.
756 2249 845 2312 lulius
862 2269 928 2310 con·

141 2342 239 2428 iliis*
253 2329 324 2390 sules
338 2330 412 2390 faeti.
427 2330 470 2390 Eo
488 2353 563 2390 anno
580 2352 639 2391 non
658 2330 770 2413 segnior
789 2328 929 2390 discordia

52 2445 69 2455 -
141 2417 230 2476 munz,
254 2410 354 2484 domi,
376 2410 409 2470 dt
429 2409 537 2471 bellum
556 2410 625 2470 soris
647 2412 781 2470 atrocius.
793 2409 854 2470 suit.
880 2408 927 2470 Ab

139 2485 237 2565 Q„
253 2489 352 2569 AEquis
370 2507 447 2547 arma
464 2489 581 2571 sumpta.
591 2489 729 2550 Veientes
743 2509 842 2570 agrum
858 2509 929 2571 quo-

140 2630 236 2681 ¹·C·⁴7s·
258 2655 262 2659 Δ

154 2678 237 2718 0210„
252 2668 315 2706 rum
335 2647 478 2709 bellorum
499 2670 545 2709 cre
558 2664 639 2710 cente
663 2650 751 2722 curi,
770 2646 854 2708 Caeso
900 2668 929 2705 a·

140 2580 236 2634 Unam.
254 2588 309 2648 que
324 2568 487 2629 Romanum
505 2570 678 2708 populantes
695 2572 818 2628 inierunt
835 2590 843 2628 ε
861 2590 929 2707 qino·

138 2724 236 2816 {²¹5}le
248 2725 333 2802 bius,
347 2729 379 2789 &
395 2727 444 2810 Sp.
464 2728 563 2789 Furius
587 2727 714 2789 consules
734 2727 815 2789 fiunt.
839 2724 928 2787 Orto-

138 2787 193 2864 dar.
211 2843 235 2879 ι
250 2827 317 2872 nam
326 2853 335 2884 ,
346 2808 475 2922 Latinam
484 2807 585 2872 urbem
594 2855 605 2885 ‚
615 2807 703 2890 AEqui
714 2806 927 2947 οΡΡῧξῗζξέι

915 2928 926 2960 2
