1984 3600
227 195 270 294 38
420 196 458 269 T.
507 196 712 269 errr

131 326 132 329 ’
225 311 295 374 {uici
317 330 429 374 crentur
447 332 532 396 atque
546 329 706 374 curarentur
724 332 731 372 r
750 307 787 372 ad
808 328 841 371 ea
856 306 916 369 eli·
985 341 986 348 κ

226 336 327 454 cienda
354 393 554 455 exurentibus
577 394 703 468 divinis,
722 392 789 454 Jovi
812 390 912 451 Elicio
985 407 986 452 t

226 494 304 535 aram
318 478 348 534 in
365 474 514 535 Aventino
527 475 652 545 dicavit,
672 474 817 554 deumque
835 491 915 531 cou-
985 467 986 518 l

226 553 310 615 suluit
327 557 469 637 auguriis,
491 575 555 637 quae
575 552 751 635 suscipienda
767 551 864 612 effent.
985 533 986 586 l

116 617 203 709 uldin
269 635 351 696 XXI.
369 635 420 696 Ad
437 636 498 696 haec
516 633 697 697 consultanda
714 630 915 717 procuranda·

116 715 214 804 &³2⁵⁰AE
230 735 307 798 que,
323 715 503 776 multitudine
519 717 598 775 omni
612 736 629 773 a
643 715 675 774 vi
694 714 726 775 δι
736 714 821 773 armis
836 733 915 772 con-

118 778 187 853 diff
229 797 334 870 versi,
352 798 385 857 &
409 797 495 855 animi
513 799 550 856 ali
573 795 621 853 uid
642 793 754 876 agendo
776 793 914 874 occupati

229 892 329 950 erant,
347 877 380 936 &
399 876 521 935 drumm
543 818 648 934 dbdua
668 871 789 933 insidens
817 893 914 947 cura,

229 976 320 1036 quum
338 952 465 1014 intereffe
479 954 565 1014 rebus
582 954 712 1013 humanis
726 950 843 1013 caeleste
861 974 916 1012 nu·

170 1089 172 1093 Α
230 1055 299 1095 men
309 1034 474 1106 videretur,
487 1034 634 1114 elpietate
649 1036 778 1094 omnium
792 1032 913 1114 pedum

229 1114 389 1186 imbuerat,
408 1130 440 1174 ut
459 1114 531 1176 fides
548 1136 582 1175 ac
602 1113 822 1197 jusjurandum,
842 1135 914 1194 pro-

230 1195 307 1254 ximi
325 1194 422 1277 legum
443 1216 475 1254 ac
497 1216 647 1276 paenarum
666 1212 796 1267 metum,
811 1195 913 1254 civita-

229 1291 289 1335 tem
309 1292 447 1356 regerent.
466 1274 504 1335 Et
519 1296 608 1358 quum
623 1274 715 1356 ipsr.se
732 1275 865 1334 homines
880 1275 912 1333 in

229 1357 327 1438 regis,
346 1354 519 1416 velutunici
537 1356 680 1437 exempli,
695 1374 792 1415 mores
805 1352 913 1413 forma·

229 1452 293 1494 rent
310 1456 320 1510 ;
335 1448 397 1494 tum
410 1434 522 1495 finitimi
536 1439 621 1496 etiarn
634 1434 753 1517 populi,
764 1436 813 1516 qui
824 1435 891 1493 antd
900 1480 914 1509 ,

131 1569 137 1578 „
229 1514 338 1588 castra,
355 1537 414 1576 non
433 1516 534 1577 urbem
553 1516 674 1597 positam
691 1517 721 1575 in
739 1515 857 1587 medio,
872 1516 913 1574 ad
985 1527 986 1550 ¹

229 1595 434 1678 sollicitandam
443 1599 573 1658 omnium
582 1617 700 1679 pacem,
712 1594 914 1670 crediderant,

230 1678 260 1735 in
284 1697 347 1737 earn
364 1678 567 1739 verecundiam
582 1675 692 1737 adducti
707 1673 794 1747 sunt,
816 1692 849 1734 ut
871 1678 914 1735 ci-

228 1760 347 1819 vitatem
365 1773 455 1818 totam
475 1756 631 1818 incultum
652 1753 764 1818 versam
784 1755 913 1817 deorum

228 1838 331 1897 violari
352 1837 489 1898 ducerent
506 1836 593 1898 nefas.
613 1838 707 1898 Lucus
724 1855 805 1912 erat,
820 1857 911 1917 quem

229 1917 358 1978 medium
390 1936 427 1976 ex
457 1939 551 1999 opaco
578 1917 662 2000 specu
688 1917 753 1978 fons
788 1921 911 1999 perenni

229 1997 344 2080 rigabat
357 1997 430 2079 aqud
448 2018 458 2072 3
476 1999 537 2080 qut>
557 2001 624 2081 quia
653 1998 681 2058 se
699 1995 825 2080 petsaepe
844 1996 913 2056 Nu-

183 2118 187 2124 ·
229 2094 277 2138 ma
301 2077 358 2137 sme
392 2077 531 2151 arbitris,
561 2078 641 2141 velut
664 2079 701 2138 ad
731 2075 912 2159 congreffum

229 2159 291 2219 deae
302 2206 313 2233 ‚
334 2157 491 2235 inferebat,
511 2158 646 2221 Camenis
666 2178 732 2218 eum
753 2158 851 2218 lucum
869 2155 913 2217 sae

229 2243 343 2315 cravit3
378 2240 437 2301 ubd
452 2260 547 2300 earum
564 2240 603 2298 ibi
621 2238 741 2299 concilia
758 2259 825 2298 cum
840 2259 913 2298 cou-

228 2317 259 2399 ju
280 2341 296 2380 e
313 2260 471 2402 suabgeda
481 2319 576 2380 effent.
588 2318 624 2379 Et
633 2319 686 2378 soli
697 2318 777 2378 Fidei
789 2317 911 2380 solenne

227 2340 344 2459 indimit
358 2422 365 2459 z
377 2399 421 2459 ad
436 2400 466 2458 id
486 2398 633 2458 sacrarium
658 2400 785 2459 flamines
809 2399 839 2457 bi
861 2401 912 2474 ⁸5,

228 2496 311 2538 curru
329 2496 443 2539 arcuato
463 2479 531 2540 vehi
544 2477 638 2551 ullu,
657 2498 800 2559 manuque
818 2501 835 2538 a
867 2480 913 2539 di·

248 2561 303 2619 itos
318 2558 406 2640 usque
424 2501 555 2620 involutl
569 2576 631 2619 rem
648 2559 773 2619 divinam
791 2557 911 2634 facere3
985 2546 986 2629 l

227 2579 412 2720 dignificantes
440 2638 529 2700 fidem
552 2640 723 2712 tutandam,
751 2637 910 2720 sedemque
985 2630 986 2701 i

227 2717 289 2799 ejus
310 2723 394 2780 etiam
411 2722 440 2779 in
461 2722 567 2782 dextris
584 2720 716 2782 sacratam
730 2716 794 2779 elle.
814 2719 911 2781 Multa
985 2748 986 2757 ¹

226 2800 280 2864 alia
298 2799 455 2876 sacrificia,
483 2804 605 2885 lucaque
632 2800 714 2864 sacris
738 2797 910 2877 faciendis,
