1984 3600
246 242 291 332 76
442 239 738 310 T.errr

136 350 229 443 §23:3⁸³
246 373 282 413 eo
304 353 390 414 lustro
413 359 520 417 civium
547 357 628 417 censa
646 357 785 417 dicuntur.
807 354 927 439 ‘Adjicit

207 433 212 445 '
244 433 412 516 scriptorum
423 436 623 519 antiquissimus
637 437 738 497 Fabius
749 436 865 512 Pium,
877 460 926 497 eo*

245 537 328 590 rum,
347 521 396 599 qui
413 517 486 577 serre
503 539 579 577 arma
590 516 717 598 possent,
737 539 805 577 eum
826 535 926 577 nume·

245 615 309 657 rum
322 596 410 657 fuisse.
419 597 468 658 Ad
479 619 541 658 eam
550 596 761 674 multitudinem
770 598 843 657 urbs
854 620 925 680 quo-

132 666 233 767 P‘Jff'mj
246 699 301 762 que
319 677 517 759 amplificanda
533 677 593 739 visa
603 677 652 738 est.
672 676 765 739 Addit
775 679 854 739 duos
866 679 925 737 col-

246 759 312 832 les,
333 756 543 838 Quirinalem,
568 757 802 840 Viminalemque
826 781 834 818 z
860 758 923 818 inde

245 840 379 919 deinceps
401 855 484 921 auget
497 837 634 920 Esquilias
656 860 665 911 ;
680 838 778 919 ibique
788 837 880 919 ipse,
895 853 923 895 ut
965 861 966 864 ¹

244 920 311 978 loco
324 919 442 1000 dignitas
453 917 535 978 fieret
545 962 555 990 ‚
566 918 680 976 habitat.
696 916 815 999 Aggere
829 920 863 978 &
873 915 923 976 fos·

244 999 279 1058 sis
300 1001 332 1059 8(
352 1020 435 1057 muro
453 999 608 1057 circumdat
624 998 725 1056 urbem
739 1019 746 1056 :
760 1002 800 1057 ita
813 1017 921 1079 pomoe·

164 1117 167 1120 -
242 1081 317 1137 rium
331 1076 448 1158 profert.
459 1078 654 1151 Pomoerium,
665 1077 747 1137 verbi
760 1081 824 1138 vim
836 1076 919 1137 solam

243 1161 402 1232 intuentes,
414 1156 613 1239 postmoerium
629 1160 850 1239 interpretantur
859 1155 917 1216 esse.

243 1238 292 1298 Est
305 1255 399 1298 autem
415 1241 505 1321 magis
516 1241 590 1297 circa
599 1259 711 1298 murum
721 1238 803 1298 locus
815 1285 826 1312 ‚
838 1255 918 1320 quern

242 1322 272 1378 in
293 1318 450 1379 condendis
480 1319 597 1378 urbibus
620 1318 767 1400 quondam
786 1317 917 1387 Etrusci,

243 1399 299 1480 qui
314 1421 426 1459 murum
444 1398 552 1458 dusiuri
564 1415 659 1471 erant,
679 1401 762 1458 certis
780 1398 856 1458 circi
868 1414 918 1454 ter·

242 1482 327 1541 minis
349 1482 512 1561 inaugurati>
531 1476 731 1538 consecrabant
747 1500 756 1552 ;
776 1495 808 1537 ut
829 1493 916 1557 neque

242 1561 376 1620 interiore
394 1557 601 1640 parteaedificia
615 1558 759 1617 moenibus
777 1559 916 1618 continua·

242 1658 356 1714 rentur,
370 1662 432 1721 quae
442 1662 517 1699 nunc
530 1640 618 1720 vulgi)
628 1640 713 1697 etiam
723 1637 916 1719 conjungunt3

244 1724 277 1783 8(
290 1719 458 1780 extrinsecus
469 1722 533 1801 puri
545 1718 649 1800 aliquid
662 1718 697 1776 ab
708 1718 835 1778 humano
845 1715 914 1775 cultu
970 1747 971 1768 r

243 1818 353 1940 pateret
369 1797 430 1859 soli.
441 1799 508 1859 Hoc
525 1799 664 1937 ¹spatium,
675 1800 754 1880 quod
764 1818 858 1881 neque
868 1796 913 1855 ha-

264 1884 325 1940 itari
336 1900 429 1961 neque
446 1882 515 1937 arari
537 1901 566 1937 as
577 1896 655 1953 erat,
669 1901 729 1938 non
739 1884 830 1962 magis
840 1873 913 1958 quod

243 1959 308 2043 post
326 1979 438 2018 murum
452 1957 537 2033 esset,
554 1980 639 2040 quam
651 1959 730 2041 qubd
742 1981 839 2019 murus
855 1950 911 2036 posi

241 2041 290 2114 id,
301 2042 474 2122 pomoerium
490 2039 614 2099 Romani
632 2040 809 2119 appellarunt
821 2063 830 2115 3
844 2039 874 2099 &
885 2036 912 2092 in

242 2122 319 2181 urbis
339 2122 515 2180 incremento
532 2118 664 2200 semper,
683 2137 819 2200 quantum
844 2135 912 2175 moe·

242 2205 289 2261 nia
299 2199 457 2283 processiua
466 2217 544 2259 erant
556 2202 804 2274 ‚tantumtermini
812 2199 841 2257 hi
851 2214 911 2255 con·

242 2281 341 2341 sectari
376 2281 577 2339 roserebantur.

143 2372 229 2434 ζωπυ-
283 2361 337 2421 XL
367 2359 480 2419 nutet
493 2361 606 2417 civitate
619 2360 813 2440 magnitudine
824 2354 910 2423 urbis,

131 2417 231 2510 siffis
242 2441 369 2501 formatis
379 2437 511 2497 omnibus
522 2437 600 2496 domi
611 2440 642 2498 8(
652 2439 688 2496 ad
696 2439 766 2498 belli
782 2441 813 2500 8(
824 2436 858 2496 ad
868 2453 910 2514 pa·

132 2520 215 2606 22:5⁸⁰·
243 2525 283 2582 cis
293 2519 356 2580 usus
366 2564 375 2592 ,
386 2538 422 2576 ne
437 2515 550 2597 semper
560 2519 642 2576 armis
654 2539 725 2598 opes
743 2521 909 2600 acquireren-

173 2592 180 2609 ⁰
242 2619 305 2675 tur,
316 2597 433 2660 consilio
451 2599 714 2679 augereimpen'um
730 2617 845 2658 conatus
855 2590 908 2660 est,

242 2682 324 2742 simul
344 2682 376 2741 8(
392 2680 428 2739 ali
468 2678 509 2737 od
530 2678 635 2737 addere
656 2678 719 2736 urbi
741 2678 836 2737 decus.
853 2674 907 2734 Jarn

241 2779 302 2821 tum
319 2778 377 2820 erat
390 2699 532 2840 inditum
548 2757 650 2818 Dianae
666 2756 795 2837 Ephefiae
804 2757 906 2816 fanum:

241 2842 271 2904 id
292 2842 479 2905 communiter
500 2861 517 2900 a
534 2837 692 2902 civitatibus
715 2836 791 2899 Asiae
813 2832 908 2898 fadum
