1984 3600
228 284 448 354 Lrutn
511 287 550 355 V.
659 281 727 386 485

41 415 84 456 tu
100 442 113 472 ,
131 396 244 461 Veios
262 422 329 462 eum
350 400 511 482 perduxere
531 423 540 475 ;
559 399 608 460 seu
626 397 643 540 ἓ
692 401 732 462 od
746 432 840 465 τε

639 503 671 541 ec

41 480 121 560 tagis
143 482 276 543 credere
290 483 380 556 libet,
401 503 459 542 non
474 482 552 564 prius
571 503 625 563 pro

41 556 61 615 b
81 558 201 622 Ardea
215 607 228 637 ,
240 563 327 645 quim
353 565 494 644 comperit
514 563 608 643 legem
627 562 734 639 latam;
783 560 806 601 ’·
831 559 840 576 ⁰

41 638 114 727 [ubd
127 662 191 703 nec
202 641 308 722 injullu
323 645 423 724 populi
436 645 538 703 mutari
553 642 657 703 finibus
669 643 734 725 pos·

43 736 94 794 ct,
116 743 202 797 nec,
227 723 280 783 nisi
296 722 415 782 dillator
432 723 544 797 dietus,
561 722 613 782 aus
629 726 682 784 icia
704 727 734 785 in

41 804 175 863 exercitu
195 804 325 884 habere)
338 804 384 864 lex
398 806 503 865 curiata
516 805 596 864 latae
628 849 638 880 ,
652 804 735 865 dicia-

41 896 82 940 tor
130 904 148 942 e
169 882 275 944 absens
292 883 392 944 dietus.

77 903 215 1025 illvll.
228 964 311 1025 Dum
324 966 386 1024 haec
401 963 484 1024 Veiis
504 965 674 1046 agebantur,
692 965 735 1026 in·
754 972 843 1035 :fuito-

41 1044 128 1103 terim
149 1066 203 1116 arx
220 1046 325 1105 Romae
334 1042 567 1126 Capitoliumque
586 1049 614 1105 in
626 1049 654 1105 in
676 1024 827 1114 entillilill

46 1124 182 1202 periculo
198 1124 254 1185 fuit
269 1150 277 1187 ε
294 1147 418 1206 namque
436 1123 531 1200 Galli,
547 1124 594 1187 seu
611 1067 735 1210 relligio

48 1222 152 1266 notato
171 1205 319 1279 humano,
340 1207 396 1289 quir
413 1210 526 1267 nuntius
542 1229 559 1266 a
573 1206 654 1267 Veiis
673 1230 738 1289 per·

50 1303 194 1360 uenerat,
215 1286 263 1348 seu
286 1286 334 1347 sua
358 1286 458 1369 sponte
483 1286 680 1348 animadverso
700 1289 737 1350 ad

55 1364 220 1427 Carmentis
235 1366 365 1428 saxorum
382 1366 514 1427 adscensu
535 1388 638 1447 aequo,
651 1366 737 1429 nolle

57 1445 208 1523 sublustri,
225 1470 313 1531 quum
328 1449 423 1530 primb
439 1449 596 1521 inermem,
613 1450 662 1529 qui
673 1464 739 1507 ren-

61 1542 131 1589 taret
149 1530 228 1589 viam
247 1574 257 1603 ,
274 1526 487 1610 praemisrllent,
504 1527 645 1588 tradentes
670 1529 738 1589 inde

63 1631 160 1684 arma,
178 1610 228 1669 ubi
245 1610 315 1690 quid
335 1610 424 1690 iniqui
435 1606 521 1683 effer,
537 1607 635 1668 alterni
648 1610 739 1669 innixi

66 1687 295 1772 sublevantesque
309 1692 339 1748 in
351 1692 468 1760 vicem,
485 1692 517 1751 &
535 1689 676 1749 trahentes
691 1689 740 1750 alii

68 1774 158 1846 alios,
194 1786 258 1831 tout
274 1768 428 1853 postularet
447 1769 546 1843 locus,
562 1785 641 1830 tanto
657 1767 741 1830 silen-

69 1858 106 1916 tio
127 1855 159 1912 in
172 1793 310 1911 limmum
331 1849 469 1924 evasere,
486 1866 593 1911 utnon
609 1848 741 1913 custodes
775 1868 777 1873 ’

73 1930 312 2005 solumfallerenr,
324 1930 372 1991 sed
387 1952 424 1991 ne
438 1951 522 1991 canes
537 1931 674 2013 quidem,
685 1930 743 1993 sol-

74 2016 179 2078 licitum
197 2012 296 2074 animal
307 2013 343 2072 ad
358 2011 512 2073 nollumos
530 2010 678 2094 strepitus,
694 2024 744 2073 ex&

78 2100 197 2157 citarent.
213 2091 334 2152 Anseres
350 2112 409 2152 non
426 2091 576 2167 fefellere,
590 2093 691 2171 quibus
704 2092 745 2152 sa·
763 2107 853 2155 Anseres.

80 2182 129 2238 cris
146 2175 260 2247 lunoni,
274 2176 304 2233 in
320 2172 428 2232 summa
447 2173 545 2251 inopia
561 2171 635 2244 cibi,
648 2189 744 2231 tamen

82 2254 258 2320 abstinebatur
273 2276 279 2313 :
296 2275 359 2335 quae
374 2272 419 2311 res
434 2250 515 2310 saluti
528 2249 591 2310 fuit.
611 2250 744 2332 Namque
755 2258 786 2344 ,ll
795 2259 854 2319 Mu·

84 2342 142 2403 clan
161 2356 208 2396 ore
220 2355 318 2395 eorum
334 2332 496 2410 alarumque
514 2334 622 2413 crepitu
639 2334 746 2398 excitus
763 2320 853 2348 ‘'mm''

87 2419 127 2482 M.
176 2415 272 2489 anlius,
286 2416 336 2496 qui
353 2415 476 2474 triennio
492 2413 556 2474 ante
578 2411 675 2474 consul
690 2412 748 2474 fue·

88 2519 143 2573 rar,
158 2499 200 2559 vir
210 2495 283 2556 bello
302 2498 448 2577 egregius,
464 2496 549 2554 armis
564 2497 701 2576 arreptis,
714 2494 749 2556 sr-

90 2580 147 2647 mul
159 2578 192 2638 ad
206 2597 277 2637 arma
291 2593 402 2635 ceteros
415 2577 493 2635 ciens
507 2576 587 2636 vadit
602 2599 611 2650 3
628 2577 660 2636 &
677 2577 748 2638 dum

93 2662 172 2728 ceteri
183 2657 335 2738 trepidant,
350 2651 466 2715 Gallum
476 2701 486 2731 ,
496 2658 546 2738 qui
561 2654 618 2736 jam
631 2658 660 2713 in
671 2655 748 2715 surn-

94 2764 139 2804 no
156 2737 327 2807 constiterat,
349 2736 475 2794 umbone
498 2735 584 2795 illum
609 2734 749 2799 deturbat.

96 2821 177 2902 Cujus
191 2817 258 2880 caius
297 2810 398 2896 rolapsi
419 2835 507 2897 quum
523 2815 671 2895 proximos
685 2812 753 2875 ster-

98 2917 187 2980 teret,
198 2899 262 2984 trepi
318 2913 361 2962 tes
374 2895 469 2974 alios,
487 2892 627 2982 armisque
643 2892 752 2961 omittit

515 2972 594 3058 Xiir
