1984 3600
214 203 260 297 36
408 206 444 275 T.
494 210 700 280 L1'Vtr

213 319 342 401 marique
359 322 447 401 parti.
463 320 567 383 Clauso
581 344 639 397 eo,
656 339 746 407 quum
761 325 912 384 omnium

213 400 288 459 circi
314 399 500 463 finitimorum
518 402 653 464 'societate
675 426 715 465 ac*
733 404 915 465 foederibus

212 477 344 560 junxisset
366 485 497 556 animos,
518 483 616 565 positis
639 503 821 546 externorum
846 506 913 567 pe-

212 562 368 622 riculorum
386 566 459 624 curis
469 608 479 637 ‚
489 584 526 624 ne
538 564 742 625 luxuriarentur
753 567 814 625 otio
833 568 911 625 ani-

211 645 271 715 mi,
291 665 364 724 quos
375 661 466 703 metus
483 643 607 705 hostium
625 645 826 728 disciplinaque
839 649 910 705 mi-

161 759 163 768 ,
210 720 296 781 literis
307 727 502 798 continuerat,
513 728 642 785 omnium
655 729 799 808 primlrm,
814 746 906 801 rem,

210 802 248 860 ad
267 804 477 884 multitudinem
491 808 532 863 im
553 808 672 881 etitem,
695 808 728 867 &
746 806 802 866 illis
818 805 909 865 secui

211 883 246 941 lis
271 883 394 955 rudem‚'
414 883 519 944 efficac'
555 905 654 959 marn,
677 886 801 946 deorum
828 907 905 945 me-

209 978 272 1021 tum
303 962 487 1042 injiciendum
510 982 589 1024 ratus
614 964 656 1025 est
682 974 705 1026 τ’
722 968 771 1047 qui
802 986 902 1045 quum

210 1041 382 1102 descendere
402 1044 438 1103 ad
465 1046 575 1106 animos
600 1044 659 1104 fine
685 1045 782 1127 aliquo
810 1066 904 1105 com-

211 1139 311 1183 mento
334 1124 460 1185 miraculi
485 1146 545 1185 non
569 1124 682 1206 posset,
701 1125 812 1185 simulat
841 1125 901 1185 fibi
937 1187 941 1192 ,

159 1225 177 1271 ‚a
213 1223 279 1263 cum
294 1204 348 1264 dea
365 1203 467 1287 Egeria
474 1204 634 1288 congressus
651 1205 805 1266 nodumos
817 1199 900 1280 effe;

137 1274 183 1300 “¹¹
215 1282 275 1363 ejus
296 1283 326 1344 se
342 1288 475 1359 monitu,
492 1308 556 1367 quae
573 1284 762 1367 acceptissima
779 1286 835 1346 diis
850 1286 901 1346 es-

214 1363 293 1436 sent,
311 1363 395 1425 sacra·
405 1365 548 1426 instituere
560 1387 569 1439 ;
583 1364 741 1425 sacerdotes
755 1365 821 1426 suos
836 1370 901 1425 cui-

215 1465 271 1527 que
286 1445 407 1506 deorum
417 1446 570 1528 praeficere.
583 1445 680 1526 Atque
691 1447 823 1505 omnium
837 1449 899 1528 pri-

215 1547 314 1600 mum,
324 1527 360 1586 ad
377 1525 487 1587 cursum
500 1528 572 1586 lunae
583 1572 592 1599 ‚
604 1528 634 1583 in
646 1526 802 1585 duodecim
812 1547 899 1586 men-

215 1604 258 1666 ses
280 1606 412 1668 describit
431 1629 536 1668 annum
555 1630 562 1666 :
626 1626 674 1666 em
693 1604 784 1687 (quia
807 1609 899 1667 trice-

216 1708 270 1747 nos
293 1689 353 1749 dies
373 1688 485 1771 singulis
506 1686 595 1748 mensi
615 1708 648 1745 us
670 1686 735 1745 luna
752 1707 812 1746 non
841 1708 897 1747 ex-

215 1769 293 1851 plet,
304 1769 459 1851 desuntque
472 1769 533 1829 dies
544 1767 634 1828 solido
652 1787 727 1826 anno
781 1770 791 1827 i
805 1765 897 1828 solsti-

214 1849 275 1909 tiali
286 1851 481 1931 circumagitur
491 1847 583 1928 orbe)
593 1848 708 1907 intercal
739 1850 745 1863 '
767 1871 800 1907 us
812 1869 895 1908 men-

198 1927 290 1988 'srbus
311 1929 551 2011 interponendis,
578 1931 616 1987 ita
643 1927 838 2010 dispensavit,
861 1947 894 1990 ut

256 2026 316 2069 arto
335 2011 367 2070 &
384 2007 524 2090 vigesimo
545 2030 619 2069 anno
640 2008 675 2068 ad
693 2025 801 2067 metam
819 2029 895 2068 eam-
979 2034 980 2073 ς

237 2110 283 2148 em
303 2087 368 2150 solis
388 2090 464 2149 unde
485 2087 539 2149 orsl
558 2088 665 2160 ell‘ent,
689 2090 782 2169 plenis
805 2107 896 2149 anno-

215 2191 279 2229 rum
290 2169 521 2251 omnium-spatiis
533 2170 593 2230 dies
602 2187 798 2251 congruerent.
808 2169 894 2228 Idem
979 2162 980 2175 ¹

215 2249 338 2312 nefastos
365 2253 426 2311 dies
453 2249 594 2333 fastosque
611 2249 691 2309 -fecit
712 2271 721 2322 3
749 2252 816 2330 quia
843 2250 894 2307 ali-

215 2334 331 2412 quando
349 2332 418 2392 nihil
440 2352 506 2392 cum
525 2330 634 2415 populo
662 2330 706 2411 agi
724 2330 794 2390 utile
816 2329 894 2389 sutu-

214 2434 279 2472 rum
303 2430 369 2472 erar.
892 2427 895 2432 “

256 2492 322 2551 ΧΧ.
335 2491 413 2551 Tum
423 2489 612 2551 sacerdotibus
623 2489 751 2548 creandis
766 2493 893 2551 animum

216 2571 320 2653 adjecit
334 2594 343 2646 3
354 2592 525 2654 quamquam
541 2569 600 2651 ipse
612 2570 732 2650 plurima
742 2569 818 2630 sacra
828 2571 895 2631 obi-

214 2656 281 2726 bat,
294 2673 327 2712 ea
343 2653 467 2712 maxime
483 2673 546 2732 quae
567 2671 641 2710 nunc
661 2651 696 2709 ad
710 2649 827 2710 Dialem
844 2652 894 2710 sla-

214 2738 323 2794 minem
340 2735 489 2815 pertinent.
509 2730 566 2791 Sed
578 2733 644 2812 quia
661 2733 690 2788 in
705 2732 819 2790 civitate
829 2731 894 2789 bel-

215 2814 300 2880 licosa
319 2819 413 2902 plures
438 2813 556 2879 Romuli
580 2812 666 2897 quim
684 2808 789 2871 Nutuae
815 2809 918 2883 semi-f.
