<?xml version="1.0" encoding="UTF-8"?>
<!DOCTYPE html PUBLIC "-//W3C//DTD XHTML 1.0 Transitional//EN"
    "http://www.w3.org/TR/xhtml1/DTD/xhtml1-transitional.dtd">
<html xmlns="http://www.w3.org/1999/xhtml" xml:lang="en" lang="en">
 <head>
  <title>
</title>
<meta http-equiv="Content-Type" content="text/html;charset=utf-8" />
  <meta name='ocr-system' content='tesseract 3.04.00' />
  <meta name='ocr-capabilities' content='ocr_page ocr_carea ocr_par ocr_line ocrx_word'/>
</head>
<body>
  <div class='ocr_page' id='page_1' title='image "./titiliviipatavi00lallgoog/titiliviipatavi00lallgoog_0069.png"; bbox 0 0 1984 3600; ppageno 0'>
   <div class='ocr_carea' id='block_1_1' title="bbox 144 202 1465 623">
    <p class='ocr_par' dir='ltr' id='par_1_1' title="bbox 144 202 1465 623">
     <span class='ocr_line' id='line_1_1' title="bbox 144 202 1465 623; baseline 0 0"><span class='ocrx_word' id='word_1_1' title='bbox 144 202 1465 623; x_wconf 95' lang='lat' dir='ltr'>  </span> <span class='ocrx_word' id='word_1_2' title='bbox 1407 506 1465 623; x_wconf 95' lang='lat' dir='ltr'> </span> 
     </span>
    </p>
   </div>
   <div class='ocr_carea' id='block_1_2' title="bbox 138 616 1461 1013">
    <p class='ocr_par' dir='ltr' id='par_1_2' title="bbox 138 579 1461 1013">
     <span class='ocr_line' id='line_1_2' title="bbox 190 616 1407 792; baseline 0.003 -9"><span class='ocrx_word' id='word_1_3' title='bbox 190 703 271 784; x_wconf 93' lang='lat' dir='ltr'>T.</span> <span class='ocrx_word' id='word_1_4' title='bbox 324 616 667 789; x_wconf 53' lang='grc' dir='ltr'><em>ιιι-Ν</em></span> <span class='ocrx_word' id='word_1_5' title='bbox 725 703 903 790; x_wconf 85' lang='lat' dir='ltr'>PA</span> <span class='ocrx_word' id='word_1_6' title='bbox 928 707 1083 792; x_wconf 88' lang='lat' dir='ltr'>TA</span> <span class='ocrx_word' id='word_1_7' title='bbox 1097 705 1407 791; x_wconf 62' lang='grc' dir='ltr'>ΠΝ]</span> 
     </span>
     <span class='ocr_line' id='line_1_3' title="bbox 138 887 1461 1013; baseline 0.009 -16"><span class='ocrx_word' id='word_1_8' title='bbox 138 887 1461 1013; x_wconf 84' lang='lat' dir='ltr'><strong>HISTORIARUM</strong></span> 
     </span>
    </p>
   </div>
   <div class='ocr_carea' id='block_1_3' title="bbox 161 1097 1368 1329">
    <p class='ocr_par' dir='ltr' id='par_1_3' title="bbox 161 1097 1368 1329">
     <span class='ocr_line' id='line_1_4' title="bbox 161 1097 1368 1175; baseline 0.006 -8"><span class='ocrx_word' id='word_1_9' title='bbox 161 1097 360 1170; x_wconf 82' lang='lat' dir='ltr'>&#39;AB</span> <span class='ocrx_word' id='word_1_10' title='bbox 428 1107 738 1175; x_wconf 80' lang='lat' dir='ltr'><em>URBE</em></span> <span class='ocrx_word' id='word_1_11' title='bbox 812 1105 1368 1174; x_wconf 78' lang='lat' dir='ltr'><em>CONDITA</em></span> 
     </span>
     <span class='ocr_line' id='line_1_5' title="bbox 238 1232 1293 1329; baseline 0.014 -12"><span class='ocrx_word' id='word_1_12' title='bbox 238 1232 249 1240; x_wconf 77' lang='grc'><strong>’</strong></span> <span class='ocrx_word' id='word_1_13' title='bbox 530 1239 681 1324; x_wconf 93' lang='lat' dir='ltr'>LI</span> <span class='ocrx_word' id='word_1_14' title='bbox 737 1241 800 1324; x_wconf 94' lang='lat' dir='ltr'>B</span> <span class='ocrx_word' id='word_1_15' title='bbox 857 1239 937 1329; x_wconf 88' lang='lat' dir='ltr'>R</span> <span class='ocrx_word' id='word_1_16' title='bbox 984 1244 1054 1328; x_wconf 92' lang='grc' dir='ltr'>Ι.</span> <span class='ocrx_word' id='word_1_17' title='bbox 1288 1232 1293 1237; x_wconf 60' lang='grc'>’</span> 
     </span>
    </p>
   </div>
   <div class='ocr_carea' id='block_1_4' title="bbox 364 1442 1216 1511">
    <p class='ocr_par' dir='ltr' id='par_1_4' title="bbox 364 1442 1216 1511">
     <span class='ocr_line' id='line_1_6' title="bbox 364 1442 1216 1511; baseline 0.002 -2"><span class='ocrx_word' id='word_1_18' title='bbox 364 1442 1216 1511; x_wconf 83' lang='lat' dir='ltr'><em>PRAEFAT-IO.</em></span> 
     </span>
    </p>
   </div>
   <div class='ocr_carea' id='block_1_5' title="bbox 126 1541 1485 2898">
    <p class='ocr_par' dir='ltr' id='par_1_5' title="bbox 126 1541 1485 2898">
     <span class='ocr_line' id='line_1_7' title="bbox 163 1541 1475 1699; baseline 0.002 -26"><span class='ocrx_word' id='word_1_19' title='bbox 163 1541 685 1681; x_wconf 56' lang='lat' dir='ltr'>FACTURUSNE</span> <span class='ocrx_word' id='word_1_20' title='bbox 728 1633 922 1699; x_wconf 68' lang='lat' dir='ltr'>operae</span> <span class='ocrx_word' id='word_1_21' title='bbox 958 1617 1207 1698; x_wconf 86' lang='lat' dir='ltr'>pretium</span> <span class='ocrx_word' id='word_1_22' title='bbox 1246 1615 1387 1690; x_wconf 86' lang='lat' dir='ltr'>fim,</span> <span class='ocrx_word' id='word_1_23' title='bbox 1430 1617 1475 1676; x_wconf 83' lang='lat' dir='ltr'><strong>fi</strong></span> 
     </span>
     <span class='ocr_line' id='line_1_8' title="bbox 160 1694 1481 1779; baseline 0.002 -28"><span class='ocrx_word' id='word_1_24' title='bbox 160 1711 191 1748; x_wconf 86' lang='lat' dir='ltr'>a</span> <span class='ocrx_word' id='word_1_25' title='bbox 221 1696 509 1772; x_wconf 85' lang='lat' dir='ltr'>primordio</span> <span class='ocrx_word' id='word_1_26' title='bbox 543 1697 687 1756; x_wconf 82' lang='lat' dir='ltr'>urbis</span> <span class='ocrx_word' id='word_1_27' title='bbox 723 1717 813 1756; x_wconf 85' lang='lat' dir='ltr'>res</span> <span class='ocrx_word' id='word_1_28' title='bbox 841 1696 1047 1779; x_wconf 85' lang='lat' dir='ltr'>populi</span> <span class='ocrx_word' id='word_1_29' title='bbox 1073 1694 1323 1755; x_wconf 87' lang='lat' dir='ltr'>Romani</span> <span class='ocrx_word' id='word_1_30' title='bbox 1357 1717 1481 1777; x_wconf 88' lang='lat' dir='ltr'>per-</span> 
     </span>
     <span class='ocr_line' id='line_1_9' title="bbox 157 1769 1477 1854; baseline 0.004 -24"><span class='ocrx_word' id='word_1_31' title='bbox 157 1769 433 1854; x_wconf 81' lang='lat' dir='ltr'>scripserim</span> <span class='ocrx_word' id='word_1_32' title='bbox 456 1823 474 1851; x_wconf 89' lang='lat'><strong>,</strong></span> <span class='ocrx_word' id='word_1_33' title='bbox 505 1796 608 1839; x_wconf 83' lang='lat' dir='ltr'>nec</span> <span class='ocrx_word' id='word_1_34' title='bbox 639 1776 767 1837; x_wconf 79' lang='lat' dir='ltr'>satis</span> <span class='ocrx_word' id='word_1_35' title='bbox 803 1776 919 1837; x_wconf 85' lang='lat' dir='ltr'>scio</span> <span class='ocrx_word' id='word_1_36' title='bbox 953 1800 972 1853; x_wconf 80' lang='lat'>3</span> <span class='ocrx_word' id='word_1_37' title='bbox 1009 1795 1115 1837; x_wconf 87' lang='lat' dir='ltr'>nec</span> <span class='ocrx_word' id='word_1_38' title='bbox 1138 1811 1171 1851; x_wconf 29' lang='lat' dir='ltr'>,z</span> <span class='ocrx_word' id='word_1_39' title='bbox 1191 1774 1233 1837; x_wconf 88' lang='lat' dir='ltr'><strong>fi</strong></span> <span class='ocrx_word' id='word_1_40' title='bbox 1266 1775 1433 1836; x_wconf 87' lang='lat' dir='ltr'>sciam</span> <span class='ocrx_word' id='word_1_41' title='bbox 1455 1822 1477 1852; x_wconf 90' lang='lat'>‚</span> 
     </span>
     <span class='ocr_line' id='line_1_10' title="bbox 156 1851 1475 1939; baseline 0.005 -30"><span class='ocrx_word' id='word_1_42' title='bbox 156 1851 323 1915; x_wconf 82' lang='lat' dir='ltr'>dicere</span> <span class='ocrx_word' id='word_1_43' title='bbox 346 1851 509 1917; x_wconf 67' lang='lat' dir='ltr'>mfim</span> <span class='ocrx_word' id='word_1_44' title='bbox 540 1879 555 1917; x_wconf 74' lang='grc' dir='ltr'><strong><em>ε</em></strong></span> <span class='ocrx_word' id='word_1_45' title='bbox 592 1860 808 1939; x_wconf 85' lang='lat' dir='ltr'>quippe</span> <span class='ocrx_word' id='word_1_46' title='bbox 845 1858 944 1939; x_wconf 87' lang='lat' dir='ltr'>qui</span> <span class='ocrx_word' id='word_1_47' title='bbox 979 1878 1157 1939; x_wconf 86' lang='lat' dir='ltr'>quum</span> <span class='ocrx_word' id='word_1_48' title='bbox 1179 1868 1436 1917; x_wconf 80' lang='lat' dir='ltr'>veterem</span> <span class='ocrx_word' id='word_1_49' title='bbox 1454 1900 1475 1930; x_wconf 92' lang='lat'>,</span> 
     </span>
     <span class='ocr_line' id='line_1_11' title="bbox 151 1934 1479 2011; baseline 0.003 -18"><span class='ocrx_word' id='word_1_50' title='bbox 151 1948 260 1993; x_wconf 87' lang='lat' dir='ltr'>tum</span> <span class='ocrx_word' id='word_1_51' title='bbox 291 1937 384 1995; x_wconf 84' lang='lat' dir='ltr'>vul</span> <span class='ocrx_word' id='word_1_52' title='bbox 449 1954 563 1997; x_wconf 87' lang='lat' dir='ltr'>tarn</span> <span class='ocrx_word' id='word_1_53' title='bbox 595 1936 704 1997; x_wconf 73' lang='lat' dir='ltr'>ess&#39;e</span> <span class='ocrx_word' id='word_1_54' title='bbox 730 1958 852 1996; x_wconf 84' lang='lat' dir='ltr'>rem</span> <span class='ocrx_word' id='word_1_55' title='bbox 879 1934 1145 2011; x_wconf 54' lang='lat' dir='ltr'>videam,</span> <span class='ocrx_word' id='word_1_56' title='bbox 1170 1936 1308 1995; x_wconf 87' lang='lat' dir='ltr'>dum</span> <span class='ocrx_word' id='word_1_57' title='bbox 1334 1941 1479 1997; x_wconf 86' lang='lat' dir='ltr'>novi</span> 
     </span>
     <span class='ocr_line' id='line_1_12' title="bbox 150 2009 1481 2101; baseline 0.005 -32"><span class='ocrx_word' id='word_1_58' title='bbox 150 2009 255 2071; x_wconf 86' lang='lat' dir='ltr'>sem</span> <span class='ocrx_word' id='word_1_59' title='bbox 308 2037 350 2074; x_wconf 20' lang='lat' dir='ltr'>rr</span> <span class='ocrx_word' id='word_1_60' title='bbox 404 2019 675 2101; x_wconf 77' lang='lat' dir='ltr'>criptores</span> <span class='ocrx_word' id='word_1_61' title='bbox 694 2062 713 2090; x_wconf 89' lang='lat'><strong>,</strong></span> <span class='ocrx_word' id='word_1_62' title='bbox 739 2033 833 2075; x_wconf 82' lang='lat' dir='ltr'>aut</span> <span class='ocrx_word' id='word_1_63' title='bbox 859 2018 918 2074; x_wconf 89' lang='lat' dir='ltr'>in</span> <span class='ocrx_word' id='word_1_64' title='bbox 948 2016 1117 2075; x_wconf 86' lang='lat' dir='ltr'>rebus</span> <span class='ocrx_word' id='word_1_65' title='bbox 1153 2018 1355 2083; x_wconf 77' lang='lat' dir='ltr'>certius</span> <span class='ocrx_word' id='word_1_66' title='bbox 1379 2018 1481 2075; x_wconf 88' lang='lat' dir='ltr'>ali-</span> 
     </span>
     <span class='ocr_line' id='line_1_13' title="bbox 126 2035 1479 2171; baseline 0.003 -18"><span class='ocrx_word' id='word_1_67' title='bbox 126 2035 322 2171; x_wconf 53' lang='lat' dir='ltr'>&lt;pause</span> <span class='ocrx_word' id='word_1_68' title='bbox 306 2096 557 2156; x_wconf 82' lang='lat' dir='ltr'>allaturos</span> <span class='ocrx_word' id='word_1_69' title='bbox 589 2095 680 2169; x_wconf 87' lang='lat' dir='ltr'>se,</span> <span class='ocrx_word' id='word_1_70' title='bbox 699 2113 794 2155; x_wconf 83' lang='lat' dir='ltr'>aut</span> <span class='ocrx_word' id='word_1_71' title='bbox 823 2087 1103 2156; x_wconf 85' lang='lat' dir='ltr'>scribendi</span> <span class='ocrx_word' id='word_1_72' title='bbox 1137 2112 1253 2156; x_wconf 85' lang='lat' dir='ltr'>arte</span> <span class='ocrx_word' id='word_1_73' title='bbox 1276 2096 1479 2157; x_wconf 84' lang='lat' dir='ltr'>rudem</span> 
     </span>
     <span class='ocr_line' id='line_1_14' title="bbox 148 2172 1479 2257; baseline 0.005 -28"><span class='ocrx_word' id='word_1_74' title='bbox 148 2172 457 2235; x_wconf 79' lang='lat' dir='ltr'>vetustatem</span> <span class='ocrx_word' id='word_1_75' title='bbox 488 2175 844 2257; x_wconf 84' lang='lat' dir='ltr'>superaturos</span> <span class='ocrx_word' id='word_1_76' title='bbox 871 2176 1127 2237; x_wconf 87' lang='lat' dir='ltr'>credunt.</span> <span class='ocrx_word' id='word_1_77' title='bbox 1149 2174 1479 2257; x_wconf 85' lang='lat' dir='ltr'>Utcumque</span> 
     </span>
     <span class='ocr_line' id='line_1_15' title="bbox 151 2251 1480 2335; baseline 0.004 -27"><span class='ocrx_word' id='word_1_78' title='bbox 151 2254 279 2326; x_wconf 82' lang='lat' dir='ltr'>erit,</span> <span class='ocrx_word' id='word_1_79' title='bbox 304 2251 515 2333; x_wconf 83' lang='lat' dir='ltr'>juvabit</span> <span class='ocrx_word' id='word_1_80' title='bbox 557 2273 748 2315; x_wconf 88' lang='lat' dir='ltr'>tamen</span> <span class='ocrx_word' id='word_1_81' title='bbox 792 2275 981 2314; x_wconf 87' lang='lat' dir='ltr'>rerum</span> <span class='ocrx_word' id='word_1_82' title='bbox 1019 2252 1311 2335; x_wconf 81' lang='lat' dir='ltr'>-gestarum</span> <span class='ocrx_word' id='word_1_83' title='bbox 1347 2276 1480 2313; x_wconf 83' lang='lat' dir='ltr'>me-</span> 
     </span>
     <span class='ocr_line' id='line_1_16' title="bbox 149 2333 1482 2417; baseline 0.003 -28"><span class='ocrx_word' id='word_1_84' title='bbox 149 2336 328 2391; x_wconf 85' lang='lat' dir='ltr'>moriae</span> <span class='ocrx_word' id='word_1_85' title='bbox 371 2336 637 2417; x_wconf 83' lang='lat' dir='ltr'>principis</span> <span class='ocrx_word' id='word_1_86' title='bbox 654 2352 941 2394; x_wconf 86' lang='lat' dir='ltr'>·terrarum</span> <span class='ocrx_word' id='word_1_87' title='bbox 977 2333 1181 2416; x_wconf 88' lang='lat' dir='ltr'>populi</span> <span class='ocrx_word' id='word_1_88' title='bbox 1229 2355 1335 2416; x_wconf 88' lang='lat' dir='ltr'>pro</span> <span class='ocrx_word' id='word_1_89' title='bbox 1388 2337 1482 2395; x_wconf 85' lang='lat' dir='ltr'>vi-</span> 
     </span>
     <span class='ocr_line' id='line_1_17' title="bbox 150 2411 1481 2496; baseline 0.005 -27"><span class='ocrx_word' id='word_1_90' title='bbox 150 2411 230 2469; x_wconf 79' lang='lat' dir='ltr'>rili</span> <span class='ocrx_word' id='word_1_91' title='bbox 260 2431 408 2494; x_wconf 81' lang='lat' dir='ltr'>parte</span> <span class='ocrx_word' id='word_1_92' title='bbox 450 2417 515 2477; x_wconf 88' lang='lat'>&amp;</span> <span class='ocrx_word' id='word_1_93' title='bbox 547 2435 644 2478; x_wconf 83' lang='lat' dir='ltr'>me</span> <span class='ocrx_word' id='word_1_94' title='bbox 681 2414 864 2496; x_wconf 86' lang='lat' dir='ltr'>ipsum</span> <span class='ocrx_word' id='word_1_95' title='bbox 903 2412 1232 2475; x_wconf 72' lang='lat' dir='ltr'>consuluisse</span> <span class='ocrx_word' id='word_1_96' title='bbox 1252 2436 1272 2491; x_wconf 77' lang='lat'>3</span> <span class='ocrx_word' id='word_1_97' title='bbox 1296 2416 1361 2477; x_wconf 88' lang='lat'>&amp;</span> <span class='ocrx_word' id='word_1_98' title='bbox 1380 2458 1400 2489; x_wconf 87' lang='lat'><strong>,</strong></span> <span class='ocrx_word' id='word_1_99' title='bbox 1435 2413 1481 2475; x_wconf 83' lang='lat' dir='ltr'>fi</span> 
     </span>
     <span class='ocr_line' id='line_1_18' title="bbox 150 2490 1481 2576; baseline 0.005 -29"><span class='ocrx_word' id='word_1_100' title='bbox 150 2490 201 2547; x_wconf 86' lang='lat' dir='ltr'>in</span> <span class='ocrx_word' id='word_1_101' title='bbox 245 2509 406 2554; x_wconf 83' lang='lat' dir='ltr'>tanta-</span> <span class='ocrx_word' id='word_1_102' title='bbox 435 2491 770 2576; x_wconf 82' lang='lat' dir='ltr'>scriptorum</span> <span class='ocrx_word' id='word_1_103' title='bbox 822 2494 984 2553; x_wconf 82' lang='lat' dir='ltr'>turba</span> <span class='ocrx_word' id='word_1_104' title='bbox 1042 2514 1173 2554; x_wconf 83' lang='lat' dir='ltr'>mea</span> <span class='ocrx_word' id='word_1_105' title='bbox 1222 2492 1372 2555; x_wconf 85' lang='lat' dir='ltr'>fama</span> <span class='ocrx_word' id='word_1_106' title='bbox 1420 2497 1481 2554; x_wconf 87' lang='lat' dir='ltr'>in</span> 
     </span>
     <span class='ocr_line' id='line_1_19' title="bbox 152 2570 1483 2657; baseline 0.004 -30"><span class='ocrx_word' id='word_1_107' title='bbox 152 2570 370 2632; x_wconf 78' lang='lat' dir='ltr'>obscuro</span> <span class='ocrx_word' id='word_1_108' title='bbox 392 2572 457 2632; x_wconf 82' lang='lat' dir='ltr'>fit</span> <span class='ocrx_word' id='word_1_109' title='bbox 476 2618 496 2646; x_wconf 87' lang='lat'>‚</span> <span class='ocrx_word' id='word_1_110' title='bbox 517 2574 812 2634; x_wconf 85' lang='lat' dir='ltr'>nobilitate</span> <span class='ocrx_word' id='word_1_111' title='bbox 850 2596 914 2634; x_wconf 85' lang='lat' dir='ltr'>ac</span> <span class='ocrx_word' id='word_1_112' title='bbox 951 2574 1335 2657; x_wconf 85' lang='lat' dir='ltr'>magnitudine</span> <span class='ocrx_word' id='word_1_113' title='bbox 1377 2593 1483 2632; x_wconf 87' lang='lat' dir='ltr'>eo·-</span> 
     </span>
     <span class='ocr_line' id='line_1_20' title="bbox 153 2652 1484 2727; baseline -0.001 -17"><span class='ocrx_word' id='word_1_114' title='bbox 153 2669 302 2724; x_wconf 80' lang='lat' dir='ltr'>mm,</span> <span class='ocrx_word' id='word_1_115' title='bbox 333 2654 464 2713; x_wconf 78' lang='lat' dir='ltr'>meo</span> <span class='ocrx_word' id='word_1_116' title='bbox 581 2655 603 2712; x_wconf 86' lang='lat' dir='ltr'>i</span> <span class='ocrx_word' id='word_1_117' title='bbox 632 2655 852 2713; x_wconf 87' lang='lat' dir='ltr'>nomini</span> <span class='ocrx_word' id='word_1_118' title='bbox 887 2652 1309 2727; x_wconf 86' lang='lat' dir='ltr'>officient,&#39;me</span> <span class='ocrx_word' id='word_1_119' title='bbox 1346 2672 1484 2710; x_wconf 83' lang='lat' dir='ltr'>con-</span> 
     </span>
     <span class='ocr_line' id='line_1_21' title="bbox 129 2675 1483 2814; baseline 0.003 -31"><span class='ocrx_word' id='word_1_120' title='bbox 129 2764 135 2769; x_wconf 90' lang='lat'><em>·</em></span> <span class='ocrx_word' id='word_1_121' title='bbox 157 2725 302 2789; x_wconf 82' lang='lat' dir='ltr'>soler.</span> <span class='ocrx_word' id='word_1_122' title='bbox 324 2731 436 2791; x_wconf 84' lang='lat' dir='ltr'>Res</span> <span class='ocrx_word' id='word_1_123' title='bbox 464 2675 855 2814; x_wconf 56' lang='lat' dir='ltr'>egupraeterea</span> <span class='ocrx_word' id='word_1_124' title='bbox 877 2737 940 2794; x_wconf 88' lang='lat'>&amp;</span> <span class='ocrx_word' id='word_1_125' title='bbox 961 2731 1221 2793; x_wconf 75' lang='lat' dir='ltr'>immensi</span> <span class='ocrx_word' id='word_1_126' title='bbox 1252 2733 1439 2811; x_wconf 87' lang='lat' dir='ltr'>operis</span> <span class='ocrx_word' id='word_1_127' title='bbox 1460 2776 1483 2808; x_wconf 74' lang='lat'>,</span> 
     </span>
     <span class='ocr_line' id='line_1_22' title="bbox 141 2810 1485 2898; baseline 0.002 -33"><span class='ocrx_word' id='word_1_128' title='bbox 141 2821 215 2874; x_wconf 54' lang='grc' dir='ltr'>ιζ</span> <span class='ocrx_word' id='word_1_129' title='bbox 244 2829 358 2893; x_wconf 77' lang='lat' dir='ltr'>quae</span> <span class='ocrx_word' id='word_1_130' title='bbox 387 2810 549 2895; x_wconf 83' lang='lat' dir='ltr'>supra</span> <span class='ocrx_word' id='word_1_131' title='bbox 585 2810 1137 2898; x_wconf 70' lang='lat' dir='ltr'>septingentesimum</span> <span class='ocrx_word' id='word_1_132' title='bbox 1161 2831 1369 2871; x_wconf 82' lang='lat' dir='ltr'>annum</span> <span class='ocrx_word' id='word_1_133' title='bbox 1396 2830 1485 2869; x_wconf 87' lang='lat' dir='ltr'>re·</span> 
     </span>
    </p>
   </div>
   <div class='ocr_carea' id='block_1_6' title="bbox 1002 2890 1159 2974">
    <p class='ocr_par' dir='ltr' id='par_1_6' title="bbox 1002 2890 1159 2974">
     <span class='ocr_line' id='line_1_23' title="bbox 1002 2890 1159 2974; baseline -0.045 -16"><span class='ocrx_word' id='word_1_134' title='bbox 1002 2891 1060 2958; x_wconf 85' lang='lat' dir='ltr'><strong>A</strong></span> <span class='ocrx_word' id='word_1_135' title='bbox 1102 2890 1159 2974; x_wconf 79' lang='lat' dir='ltr'>iij</span> 
     </span>
    </p>
   </div>
   <div class='ocr_carea' id='block_1_7' title="bbox 1929 0 1942 1005">
    <p class='ocr_par' dir='ltr' id='par_1_7' title="bbox 1929 0 1942 1005">
     <span class='ocr_line' id='line_1_24' title="bbox 1929 0 1942 1005; baseline 0 0"><span class='ocrx_word' id='word_1_136' title='bbox 1929 0 1942 1005; x_wconf 95' lang='lat' dir='ltr'> </span> 
     </span>
    </p>
   </div>
   <div class='ocr_carea' id='block_1_8' title="bbox 1930 0 1940 1005">
    <p class='ocr_par' dir='ltr' id='par_1_8' title="bbox 1930 0 1940 1005">
     <span class='ocr_line' id='line_1_25' title="bbox 1930 0 1940 1005; baseline 0 0"><span class='ocrx_word' id='word_1_137' title='bbox 1930 0 1940 1005; x_wconf 95' lang='lat' dir='ltr'> </span> 
     </span>
    </p>
   </div>
   <div class='ocr_carea' id='block_1_9' title="bbox 1930 0 1943 1005">
    <p class='ocr_par' dir='ltr' id='par_1_9' title="bbox 1930 0 1943 1005">
     <span class='ocr_line' id='line_1_26' title="bbox 1930 0 1943 1005; baseline 0 0"><span class='ocrx_word' id='word_1_138' title='bbox 1930 0 1943 1005; x_wconf 95' lang='lat' dir='ltr'> </span> 
     </span>
    </p>
   </div>
   <div class='ocr_carea' id='block_1_10' title="bbox 1930 0 1943 1005">
    <p class='ocr_par' dir='ltr' id='par_1_10' title="bbox 1930 0 1943 1005">
     <span class='ocr_line' id='line_1_27' title="bbox 1930 0 1943 1005; baseline 0 0"><span class='ocrx_word' id='word_1_139' title='bbox 1930 0 1943 1005; x_wconf 95' lang='lat' dir='ltr'> </span> 
     </span>
    </p>
   </div>
   <div class='ocr_carea' id='block_1_11' title="bbox 1930 0 1943 1005">
    <p class='ocr_par' dir='ltr' id='par_1_11' title="bbox 1930 0 1943 1005">
     <span class='ocr_line' id='line_1_28' title="bbox 1930 0 1943 1005; baseline 0 0"><span class='ocrx_word' id='word_1_140' title='bbox 1930 0 1943 1005; x_wconf 95' lang='lat' dir='ltr'> </span> 
     </span>
    </p>
   </div>
   <div class='ocr_carea' id='block_1_12' title="bbox 1930 0 1943 1005">
    <p class='ocr_par' dir='ltr' id='par_1_12' title="bbox 1930 0 1943 1005">
     <span class='ocr_line' id='line_1_29' title="bbox 1930 0 1943 1005; baseline 0 0"><span class='ocrx_word' id='word_1_141' title='bbox 1930 0 1943 1005; x_wconf 95' lang='lat' dir='ltr'> </span> 
     </span>
    </p>
   </div>
   <div class='ocr_carea' id='block_1_13' title="bbox 1930 0 1943 1005">
    <p class='ocr_par' dir='ltr' id='par_1_13' title="bbox 1930 0 1943 1005">
     <span class='ocr_line' id='line_1_30' title="bbox 1930 0 1943 1005; baseline 0 0"><span class='ocrx_word' id='word_1_142' title='bbox 1930 0 1943 1005; x_wconf 95' lang='lat' dir='ltr'> </span> 
     </span>
    </p>
   </div>
   <div class='ocr_carea' id='block_1_14' title="bbox 1930 0 1943 1005">
    <p class='ocr_par' dir='ltr' id='par_1_14' title="bbox 1930 0 1943 1005">
     <span class='ocr_line' id='line_1_31' title="bbox 1930 0 1943 1005; baseline 0 0"><span class='ocrx_word' id='word_1_143' title='bbox 1930 0 1943 1005; x_wconf 95' lang='lat' dir='ltr'> </span> 
     </span>
    </p>
   </div>
   <div class='ocr_carea' id='block_1_15' title="bbox 1930 0 1943 1005">
    <p class='ocr_par' dir='ltr' id='par_1_15' title="bbox 1930 0 1943 1005">
     <span class='ocr_line' id='line_1_32' title="bbox 1930 0 1943 1005; baseline 0 0"><span class='ocrx_word' id='word_1_144' title='bbox 1930 0 1943 1005; x_wconf 95' lang='lat' dir='ltr'> </span> 
     </span>
    </p>
   </div>
  </div>
 </body>
</html>
