<?xml version="1.0" encoding="UTF-8"?>
<!DOCTYPE html PUBLIC "-//W3C//DTD XHTML 1.0 Transitional//EN"
    "http://www.w3.org/TR/xhtml1/DTD/xhtml1-transitional.dtd">
<html xmlns="http://www.w3.org/1999/xhtml" xml:lang="en" lang="en">
 <head>
  <title>
</title>
<meta http-equiv="Content-Type" content="text/html;charset=utf-8" />
  <meta name='ocr-system' content='tesseract 3.04.00' />
  <meta name='ocr-capabilities' content='ocr_page ocr_carea ocr_par ocr_line ocrx_word'/>
</head>
<body>
  <div class='ocr_page' id='page_1' title='image "./titiliviipatavi00lallgoog/titiliviipatavi00lallgoog_0176.png"; bbox 0 0 1984 3600; ppageno 0'>
   <div class='ocr_carea' id='block_1_1' title="bbox 212 205 768 280">
    <p class='ocr_par' dir='ltr' id='par_1_1' title="bbox 212 205 768 280">
     <span class='ocr_line' id='line_1_1' title="bbox 212 205 768 280; baseline -0.038 11"><span class='ocrx_word' id='word_1_1' title='bbox 212 225 277 277; x_wconf 85' lang='lat'>112</span> <span class='ocrx_word' id='word_1_2' title='bbox 403 205 439 278; x_wconf 88' lang='lat' dir='ltr'>T.</span> <span class='ocrx_word' id='word_1_3' title='bbox 488 209 696 280; x_wconf 75' lang='lat' dir='ltr'>Ltarr</span> <span class='ocrx_word' id='word_1_4' title='bbox 766 229 768 234; x_wconf 43' lang='lat'><strong>⁴</strong></span> 
     </span>
    </p>
   </div>
   <div class='ocr_carea' id='block_1_2' title="bbox 96 317 914 431">
    <p class='ocr_par' dir='ltr' id='par_1_2' title="bbox 96 317 914 431">
     <span class='ocr_line' id='line_1_2' title="bbox 96 317 914 431; baseline -0.027 -43"><span class='ocrx_word' id='word_1_5' title='bbox 96 319 195 431; x_wconf 47' lang='grc' dir='ltr'>ᾗ</span> <span class='ocrx_word' id='word_1_6' title='bbox 207 318 283 383; x_wconf 88' lang='lat' dir='ltr'>dicio</span> <span class='ocrx_word' id='word_1_7' title='bbox 305 319 358 404; x_wconf 88' lang='lat' dir='ltr'>ipsr</span> <span class='ocrx_word' id='word_1_8' title='bbox 374 342 490 385; x_wconf 82' lang='lat' dir='ltr'>nornen.</span> <span class='ocrx_word' id='word_1_9' title='bbox 502 319 590 384; x_wconf 85' lang='lat' dir='ltr'>fuisse.</span> <span class='ocrx_word' id='word_1_10' title='bbox 608 321 675 384; x_wconf 90' lang='lat' dir='ltr'>Post</span> <span class='ocrx_word' id='word_1_11' title='bbox 694 319 777 381; x_wconf 87' lang='lat' dir='ltr'>illum</span> <span class='ocrx_word' id='word_1_12' title='bbox 798 317 914 381; x_wconf 79' lang='lat' dir='ltr'>obser.</span> 
     </span>
    </p>
   </div>
   <div class='ocr_carea' id='block_1_3' title="bbox 95 401 983 2907">
    <p class='ocr_par' dir='ltr' id='par_1_3' title="bbox 95 401 983 2907">
     <span class='ocr_line' id='line_1_3' title="bbox 96 401 983 487; baseline -0.002 -24"><span class='ocrx_word' id='word_1_13' title='bbox 96 425 194 481; x_wconf 29' lang='lat' dir='ltr'>neem,</span> <span class='ocrx_word' id='word_1_14' title='bbox 205 418 320 479; x_wconf 86' lang='lat' dir='ltr'>vatum,</span> <span class='ocrx_word' id='word_1_15' title='bbox 335 421 386 480; x_wconf 88' lang='lat' dir='ltr'>ut,</span> <span class='ocrx_word' id='word_1_16' title='bbox 401 408 450 487; x_wconf 85' lang='lat' dir='ltr'>qui</span> <span class='ocrx_word' id='word_1_17' title='bbox 470 407 509 464; x_wconf 88' lang='lat' dir='ltr'>ita</span> <span class='ocrx_word' id='word_1_18' title='bbox 526 405 635 464; x_wconf 88' lang='lat' dir='ltr'>liberati</span> <span class='ocrx_word' id='word_1_19' title='bbox 651 401 754 475; x_wconf 85' lang='lat' dir='ltr'>effent,</span> <span class='ocrx_word' id='word_1_20' title='bbox 770 404 806 461; x_wconf 90' lang='lat' dir='ltr'>in</span> <span class='ocrx_word' id='word_1_21' title='bbox 827 405 909 478; x_wconf 73' lang='lat' dir='ltr'>ciyi-</span> <span class='ocrx_word' id='word_1_22' title='bbox 982 453 983 456; x_wconf 67' lang='grc'>,</span> 
     </span>
     <span class='ocr_line' id='line_1_4' title="bbox 204 485 983 567; baseline 0.005 -26"><span class='ocrx_word' id='word_1_23' title='bbox 204 498 295 543; x_wconf 77' lang='lat' dir='ltr'>ratem</span> <span class='ocrx_word' id='word_1_24' title='bbox 315 489 424 567; x_wconf 86' lang='lat' dir='ltr'>accepti</span> <span class='ocrx_word' id='word_1_25' title='bbox 438 485 614 547; x_wconf 82' lang='lat' dir='ltr'>viderentur.</span> <span class='ocrx_word' id='word_1_26' title='bbox 982 501 983 524; x_wconf 63' lang='lat'>³</span> 
     </span>
     <span class='ocr_line' id='line_1_5' title="bbox 246 559 909 640; baseline -0.002 -17"><span class='ocrx_word' id='word_1_27' title='bbox 246 563 299 624; x_wconf 86' lang='lat' dir='ltr'>Vl.</span> <span class='ocrx_word' id='word_1_28' title='bbox 316 564 390 640; x_wconf 84' lang='lat' dir='ltr'>His,</span> <span class='ocrx_word' id='word_1_29' title='bbox 403 559 473 627; x_wconf 82' lang='lat' dir='ltr'>ficut</span> <span class='ocrx_word' id='word_1_30' title='bbox 487 565 546 625; x_wconf 62' lang='lat' dir='ltr'>aeia</span> <span class='ocrx_word' id='word_1_31' title='bbox 562 581 660 640; x_wconf 87' lang='lat' dir='ltr'>erant,</span> <span class='ocrx_word' id='word_1_32' title='bbox 675 562 842 638; x_wconf 86' lang='lat' dir='ltr'>nuntiatis,</span> <span class='ocrx_word' id='word_1_33' title='bbox 858 566 909 623; x_wconf 65' lang='lat' dir='ltr'>ina</span> 
     </span>
     <span class='ocr_line' id='line_1_6' title="bbox 97 643 907 744; baseline 0.005 -45"><span class='ocrx_word' id='word_1_34' title='bbox 97 654 177 744; x_wconf 48' lang='lat' dir='ltr'>aitqa-</span> <span class='ocrx_word' id='word_1_35' title='bbox 205 643 304 705; x_wconf 83' lang='lat' dir='ltr'>census</span> <span class='ocrx_word' id='word_1_36' title='bbox 315 643 487 730; x_wconf 84' lang='lat' dir='ltr'>Tarquinius</span> <span class='ocrx_word' id='word_1_37' title='bbox 499 667 558 706; x_wconf 88' lang='lat' dir='ltr'>non</span> <span class='ocrx_word' id='word_1_38' title='bbox 578 646 679 706; x_wconf 89' lang='lat' dir='ltr'>dolore</span> <span class='ocrx_word' id='word_1_39' title='bbox 694 644 788 705; x_wconf 78' lang='lat' dir='ltr'>solum</span> <span class='ocrx_word' id='word_1_40' title='bbox 808 662 907 720; x_wconf 67' lang='lat' dir='ltr'>tannae</span> 
     </span>
     <span class='ocr_line' id='line_1_7' title="bbox 96 711 906 799; baseline 0.002 -15"><span class='ocrx_word' id='word_1_41' title='bbox 96 714 137 792; x_wconf 53' lang='lat' dir='ltr'>iim</span> <span class='ocrx_word' id='word_1_42' title='bbox 146 711 187 798; x_wconf 61' lang='lat'>,2²02</span> <span class='ocrx_word' id='word_1_43' title='bbox 205 726 243 785; x_wconf 86' lang='lat' dir='ltr'>ad</span> <span class='ocrx_word' id='word_1_44' title='bbox 259 728 368 787; x_wconf 90' lang='lat' dir='ltr'>irritum</span> <span class='ocrx_word' id='word_1_45' title='bbox 386 728 513 788; x_wconf 84' lang='lat' dir='ltr'>cadentis</span> <span class='ocrx_word' id='word_1_46' title='bbox 530 725 547 786; x_wconf 94' lang='lat' dir='ltr'>s</span> <span class='ocrx_word' id='word_1_47' title='bbox 563 730 611 799; x_wconf 87' lang='lat' dir='ltr'>ei,</span> <span class='ocrx_word' id='word_1_48' title='bbox 630 725 679 785; x_wconf 86' lang='lat' dir='ltr'>sed</span> <span class='ocrx_word' id='word_1_49' title='bbox 704 728 793 786; x_wconf 89' lang='lat' dir='ltr'>etiarn</span> <span class='ocrx_word' id='word_1_50' title='bbox 824 727 906 791; x_wconf 85' lang='lat' dir='ltr'>odio</span> 
     </span>
     <span class='ocr_line' id='line_1_8' title="bbox 95 749 906 891; baseline 0.007 -29"><span class='ocrx_word' id='word_1_51' title='bbox 95 803 177 848; x_wconf 59' lang='lat' dir='ltr'>‘Wr-</span> <span class='ocrx_word' id='word_1_52' title='bbox 205 807 322 888; x_wconf 73' lang='lat' dir='ltr'>itique,</span> <span class='ocrx_word' id='word_1_53' title='bbox 356 807 486 891; x_wconf 88' lang='lat' dir='ltr'>ostquam</span> <span class='ocrx_word' id='word_1_54' title='bbox 503 749 573 867; x_wconf 68' lang='lat' dir='ltr'>doio</span> <span class='ocrx_word' id='word_1_55' title='bbox 591 809 670 868; x_wconf 84' lang='lat' dir='ltr'>viam</span> <span class='ocrx_word' id='word_1_56' title='bbox 683 805 843 888; x_wconf 84' lang='lat' dir='ltr'>obseptam</span> <span class='ocrx_word' id='word_1_57' title='bbox 857 810 906 868; x_wconf 85' lang='lat' dir='ltr'>vi·</span> 
     </span>
     <span class='ocr_line' id='line_1_9' title="bbox 206 830 905 971; baseline 0.003 -26"><span class='ocrx_word' id='word_1_58' title='bbox 206 886 269 958; x_wconf 87' lang='lat' dir='ltr'>dit,</span> <span class='ocrx_word' id='word_1_59' title='bbox 286 830 394 948; x_wconf 60' lang='lat' dir='ltr'>beiiurn</span> <span class='ocrx_word' id='word_1_60' title='bbox 410 889 507 971; x_wconf 74' lang='lat' dir='ltr'>aperte</span> <span class='ocrx_word' id='word_1_61' title='bbox 529 887 707 947; x_wconf 86' lang='lat' dir='ltr'>moliendum</span> <span class='ocrx_word' id='word_1_62' title='bbox 725 904 826 961; x_wconf 88' lang='lat' dir='ltr'>ratus,</span> <span class='ocrx_word' id='word_1_63' title='bbox 845 890 905 947; x_wconf 90' lang='lat' dir='ltr'>cir-</span> 
     </span>
     <span class='ocr_line' id='line_1_10' title="bbox 204 967 904 1051; baseline 0.003 -26"><span class='ocrx_word' id='word_1_64' title='bbox 204 970 311 1027; x_wconf 87' lang='lat' dir='ltr'>cumire</span> <span class='ocrx_word' id='word_1_65' title='bbox 331 967 449 1051; x_wconf 84' lang='lat' dir='ltr'>supplex</span> <span class='ocrx_word' id='word_1_66' title='bbox 465 967 584 1028; x_wconf 82' lang='lat' dir='ltr'>Etruriae</span> <span class='ocrx_word' id='word_1_67' title='bbox 599 967 683 1027; x_wconf 87' lang='lat' dir='ltr'>urbes</span> <span class='ocrx_word' id='word_1_68' title='bbox 700 989 710 1041; x_wconf 88' lang='lat'>;</span> <span class='ocrx_word' id='word_1_69' title='bbox 725 988 809 1026; x_wconf 86' lang='lat' dir='ltr'>orare</span> <span class='ocrx_word' id='word_1_70' title='bbox 836 990 904 1027; x_wconf 86' lang='lat' dir='ltr'>ma·</span> 
     </span>
     <span class='ocr_line' id='line_1_11' title="bbox 204 1039 902 1131; baseline 0.004 -26"><span class='ocrx_word' id='word_1_71' title='bbox 204 1049 281 1106; x_wconf 76' lang='lat' dir='ltr'>xime</span> <span class='ocrx_word' id='word_1_72' title='bbox 297 1048 435 1110; x_wconf 86' lang='lat' dir='ltr'>Veientes</span> <span class='ocrx_word' id='word_1_73' title='bbox 448 1039 737 1131; x_wconf 80' lang='lat' dir='ltr'>Tarquiniensesque,</span> <span class='ocrx_word' id='word_1_74' title='bbox 753 1071 787 1108; x_wconf 90' lang='lat' dir='ltr'>ne</span> <span class='ocrx_word' id='word_1_75' title='bbox 797 1047 836 1126; x_wconf 91' lang='lat' dir='ltr'>se</span> <span class='ocrx_word' id='word_1_76' title='bbox 854 1072 902 1108; x_wconf 90' lang='lat' dir='ltr'>or·</span> 
     </span>
     <span class='ocr_line' id='line_1_12' title="bbox 204 1125 899 1212; baseline 0.001 -25"><span class='ocrx_word' id='word_1_77' title='bbox 204 1144 280 1199; x_wconf 85' lang='lat' dir='ltr'>tum,</span> <span class='ocrx_word' id='word_1_78' title='bbox 295 1125 407 1208; x_wconf 83' lang='lat' dir='ltr'>ejusdem</span> <span class='ocrx_word' id='word_1_79' title='bbox 410 1129 575 1212; x_wconf 70' lang='lat' dir='ltr'>sanguinis,</span> <span class='ocrx_word' id='word_1_80' title='bbox 593 1130 738 1200; x_wconf 81' lang='lat' dir='ltr'>extorrem,</span> <span class='ocrx_word' id='word_1_81' title='bbox 753 1150 899 1210; x_wconf 88' lang='lat' dir='ltr'>egentem,</span> 
     </span>
     <span class='ocr_line' id='line_1_13' title="bbox 205 1208 900 1293; baseline 0.007 -27"><span class='ocrx_word' id='word_1_82' title='bbox 205 1230 240 1266; x_wconf 86' lang='lat' dir='ltr'>ex</span> <span class='ocrx_word' id='word_1_83' title='bbox 256 1224 332 1268; x_wconf 84' lang='lat' dir='ltr'>tanto</span> <span class='ocrx_word' id='word_1_84' title='bbox 347 1212 426 1270; x_wconf 73' lang='lat' dir='ltr'>moda</span> <span class='ocrx_word' id='word_1_85' title='bbox 442 1232 540 1293; x_wconf 87' lang='lat' dir='ltr'>regno,</span> <span class='ocrx_word' id='word_1_86' title='bbox 559 1232 618 1270; x_wconf 89' lang='lat' dir='ltr'>cum</span> <span class='ocrx_word' id='word_1_87' title='bbox 631 1211 720 1270; x_wconf 80' lang='lat' dir='ltr'>liberis</span> <span class='ocrx_word' id='word_1_88' title='bbox 735 1208 900 1287; x_wconf 85' lang='lat' dir='ltr'>adolescen-</span> 
     </span>
     <span class='ocr_line' id='line_1_14' title="bbox 205 1288 900 1372; baseline 0.007 -26"><span class='ocrx_word' id='word_1_89' title='bbox 205 1288 277 1347; x_wconf 83' lang='lat' dir='ltr'>tibus</span> <span class='ocrx_word' id='word_1_90' title='bbox 298 1308 363 1350; x_wconf 86' lang='lat' dir='ltr'>ante</span> <span class='ocrx_word' id='word_1_91' title='bbox 380 1292 472 1350; x_wconf 85' lang='lat' dir='ltr'>oculos</span> <span class='ocrx_word' id='word_1_92' title='bbox 483 1289 550 1368; x_wconf 85' lang='lat' dir='ltr'>suos</span> <span class='ocrx_word' id='word_1_93' title='bbox 561 1293 645 1372; x_wconf 84' lang='lat' dir='ltr'>perire</span> <span class='ocrx_word' id='word_1_94' title='bbox 655 1292 779 1368; x_wconf 78' lang='lat' dir='ltr'>finertnt.</span> <span class='ocrx_word' id='word_1_95' title='bbox 800 1294 900 1351; x_wconf 80' lang='lat' dir='ltr'>Alias</span> 
     </span>
     <span class='ocr_line' id='line_1_15' title="bbox 201 1370 896 1453; baseline 0.003 -24"><span class='ocrx_word' id='word_1_96' title='bbox 201 1390 306 1452; x_wconf 77' lang='lat' dir='ltr'>peregre</span> <span class='ocrx_word' id='word_1_97' title='bbox 318 1374 347 1432; x_wconf 84' lang='lat' dir='ltr'>in</span> <span class='ocrx_word' id='word_1_98' title='bbox 360 1393 465 1453; x_wconf 81' lang='lat' dir='ltr'>regnum</span> <span class='ocrx_word' id='word_1_99' title='bbox 483 1375 599 1432; x_wconf 88' lang='lat' dir='ltr'><em>Romam</em></span> <span class='ocrx_word' id='word_1_100' title='bbox 617 1374 741 1442; x_wconf 78' lang='lat' dir='ltr'>accitos3</span> <span class='ocrx_word' id='word_1_101' title='bbox 748 1370 779 1449; x_wconf 84' lang='lat' dir='ltr'>se</span> <span class='ocrx_word' id='word_1_102' title='bbox 787 1393 896 1452; x_wconf 82' lang='lat' dir='ltr'>regem,</span> 
     </span>
     <span class='ocr_line' id='line_1_16' title="bbox 205 1454 898 1534; baseline 0.001 -23"><span class='ocrx_word' id='word_1_103' title='bbox 205 1470 343 1533; x_wconf 79' lang='lat' dir='ltr'>augentem</span> <span class='ocrx_word' id='word_1_104' title='bbox 362 1454 430 1513; x_wconf 80' lang='lat' dir='ltr'>bella</span> <span class='ocrx_word' id='word_1_105' title='bbox 445 1456 599 1513; x_wconf 84' lang='lat' dir='ltr'>Romanum</span> <span class='ocrx_word' id='word_1_106' title='bbox 616 1454 772 1534; x_wconf 75' lang='lat' dir='ltr'>imperium,</span> <span class='ocrx_word' id='word_1_107' title='bbox 790 1475 809 1511; x_wconf 85' lang='lat' dir='ltr'>a</span> <span class='ocrx_word' id='word_1_108' title='bbox 823 1474 898 1532; x_wconf 84' lang='lat' dir='ltr'>pro·</span> 
     </span>
     <span class='ocr_line' id='line_1_17' title="bbox 205 1530 896 1614; baseline 0.004 -24"><span class='ocrx_word' id='word_1_109' title='bbox 205 1534 289 1592; x_wconf 79' lang='lat' dir='ltr'>ximt‘s</span> <span class='ocrx_word' id='word_1_110' title='bbox 301 1531 432 1612; x_wconf 70' lang='lat' dir='ltr'>scelerata</span> <span class='ocrx_word' id='word_1_111' title='bbox 445 1530 628 1613; x_wconf 82' lang='lat' dir='ltr'>conjuratione</span> <span class='ocrx_word' id='word_1_112' title='bbox 640 1531 758 1614; x_wconf 85' lang='lat' dir='ltr'>pulsum.</span> <span class='ocrx_word' id='word_1_113' title='bbox 772 1535 835 1592; x_wconf 87' lang='lat' dir='ltr'>Eos</span> <span class='ocrx_word' id='word_1_114' title='bbox 851 1537 896 1593; x_wconf 82' lang='lat' dir='ltr'>in·</span> 
     </span>
     <span class='ocr_line' id='line_1_18' title="bbox 204 1611 897 1695; baseline 0.004 -24"><span class='ocrx_word' id='word_1_115' title='bbox 204 1630 245 1673; x_wconf 85' lang='lat' dir='ltr'>ter</span> <span class='ocrx_word' id='word_1_116' title='bbox 252 1611 303 1691; x_wconf 86' lang='lat' dir='ltr'>se,</span> <span class='ocrx_word' id='word_1_117' title='bbox 319 1618 385 1695; x_wconf 82' lang='lat' dir='ltr'>quia</span> <span class='ocrx_word' id='word_1_118' title='bbox 396 1637 471 1675; x_wconf 86' lang='lat' dir='ltr'>nemo</span> <span class='ocrx_word' id='word_1_119' title='bbox 485 1613 633 1693; x_wconf 85' lang='lat' dir='ltr'>unussatis</span> <span class='ocrx_word' id='word_1_120' title='bbox 643 1617 742 1695; x_wconf 82' lang='lat' dir='ltr'>dignus</span> <span class='ocrx_word' id='word_1_121' title='bbox 751 1634 831 1694; x_wconf 87' lang='lat' dir='ltr'>regno</span> <span class='ocrx_word' id='word_1_122' title='bbox 847 1617 897 1674; x_wconf 81' lang='grc' dir='ltr'>νὶ-</span> 
     </span>
     <span class='ocr_line' id='line_1_19' title="bbox 198 1691 896 1777; baseline 0.001 -24"><span class='ocrx_word' id='word_1_123' title='bbox 198 1691 249 1771; x_wconf 74' lang='lat' dir='ltr'>fias</span> <span class='ocrx_word' id='word_1_124' title='bbox 259 1698 297 1775; x_wconf 84' lang='lat' dir='ltr'>stt</span> <span class='ocrx_word' id='word_1_125' title='bbox 306 1739 317 1767; x_wconf 92' lang='lat'><strong><em>,</em></strong></span> <span class='ocrx_word' id='word_1_126' title='bbox 329 1715 421 1776; x_wconf 86' lang='lat' dir='ltr'>partes</span> <span class='ocrx_word' id='word_1_127' title='bbox 432 1691 510 1777; x_wconf 79' lang='lat' dir='ltr'>¹regni</span> <span class='ocrx_word' id='word_1_128' title='bbox 530 1693 643 1776; x_wconf 79' lang='lat' dir='ltr'>rapuiffe</span> <span class='ocrx_word' id='word_1_129' title='bbox 659 1716 668 1753; x_wconf 89' lang='lat'>.·</span> <span class='ocrx_word' id='word_1_130' title='bbox 683 1695 755 1754; x_wconf 83' lang='lat' dir='ltr'>bona</span> <span class='ocrx_word' id='word_1_131' title='bbox 769 1693 823 1772; x_wconf 72' lang='lat' dir='ltr'>fita</span> <span class='ocrx_word' id='word_1_132' title='bbox 847 1699 896 1754; x_wconf 83' lang='lat' dir='ltr'>di-</span> 
     </span>
     <span class='ocr_line' id='line_1_20' title="bbox 203 1773 892 1858; baseline 0.003 -24"><span class='ocrx_word' id='word_1_133' title='bbox 203 1777 325 1856; x_wconf 83' lang='lat' dir='ltr'>npienda</span> <span class='ocrx_word' id='word_1_134' title='bbox 339 1777 441 1858; x_wconf 88' lang='lat' dir='ltr'>populo</span> <span class='ocrx_word' id='word_1_135' title='bbox 459 1774 556 1853; x_wconf 84' lang='lat' dir='ltr'>dediffe</span> <span class='ocrx_word' id='word_1_136' title='bbox 565 1821 576 1847; x_wconf 92' lang='lat'><strong><em>,</em></strong></span> <span class='ocrx_word' id='word_1_137' title='bbox 592 1799 625 1835; x_wconf 86' lang='lat' dir='ltr'>nt</span> <span class='ocrx_word' id='word_1_138' title='bbox 644 1777 705 1856; x_wconf 84' lang='lat' dir='ltr'>quis</span> <span class='ocrx_word' id='word_1_139' title='bbox 720 1796 810 1856; x_wconf 78' lang='lat' dir='ltr'>expers</span> <span class='ocrx_word' id='word_1_140' title='bbox 824 1773 892 1852; x_wconf 85' lang='lat' dir='ltr'>sce·</span> 
     </span>
     <span class='ocr_line' id='line_1_21' title="bbox 203 1854 893 1938; baseline 0.006 -25"><span class='ocrx_word' id='word_1_141' title='bbox 203 1856 265 1915; x_wconf 84' lang='lat' dir='ltr'>leris</span> <span class='ocrx_word' id='word_1_142' title='bbox 284 1855 352 1934; x_wconf 48' lang='grc' dir='ltr'>ψει.</span> <span class='ocrx_word' id='word_1_143' title='bbox 373 1859 496 1917; x_wconf 78' lang='lat' dir='ltr'>Patriam</span> <span class='ocrx_word' id='word_1_144' title='bbox 507 1855 538 1933; x_wconf 82' lang='lat' dir='ltr'>st</span> <span class='ocrx_word' id='word_1_145' title='bbox 554 1878 709 1938; x_wconf 86' lang='lat' dir='ltr'>regnumque</span> <span class='ocrx_word' id='word_1_146' title='bbox 720 1854 800 1934; x_wconf 89' lang='lat' dir='ltr'>suum</span> <span class='ocrx_word' id='word_1_147' title='bbox 815 1878 893 1935; x_wconf 89' lang='lat' dir='ltr'>repe·</span> 
     </span>
     <span class='ocr_line' id='line_1_22' title="bbox 202 1935 891 2017; baseline 0.006 -23"><span class='ocrx_word' id='word_1_148' title='bbox 202 1954 254 1995; x_wconf 84' lang='lat' dir='ltr'>tere</span> <span class='ocrx_word' id='word_1_149' title='bbox 260 1981 271 2007; x_wconf 94' lang='lat'>,</span> <span class='ocrx_word' id='word_1_150' title='bbox 295 1935 451 2017; x_wconf 67' lang='lat' dir='ltr'>&amp;persequi</span> <span class='ocrx_word' id='word_1_151' title='bbox 466 1940 586 2017; x_wconf 85' lang='lat' dir='ltr'>ingratos</span> <span class='ocrx_word' id='word_1_152' title='bbox 603 1940 675 1997; x_wconf 79' lang='lat' dir='ltr'>cives</span> <span class='ocrx_word' id='word_1_153' title='bbox 690 1938 767 1997; x_wconf 79' lang='lat' dir='ltr'>uelle.</span> <span class='ocrx_word' id='word_1_154' title='bbox 779 1941 891 1998; x_wconf 84' lang='lat' dir='ltr'>Ferrent</span> 
     </span>
     <span class='ocr_line' id='line_1_23' title="bbox 203 2014 890 2098; baseline 0.006 -24"><span class='ocrx_word' id='word_1_155' title='bbox 203 2037 300 2095; x_wconf 85' lang='lat' dir='ltr'>opem,</span> <span class='ocrx_word' id='word_1_156' title='bbox 319 2014 480 2097; x_wconf 73' lang='lat' dir='ltr'>adjuvarent</span> <span class='ocrx_word' id='word_1_157' title='bbox 495 2039 506 2076; x_wconf 88' lang='lat'>.·</span> <span class='ocrx_word' id='word_1_158' title='bbox 520 2015 590 2096; x_wconf 84' lang='lat' dir='ltr'>suas</span> <span class='ocrx_word' id='word_1_159' title='bbox 609 2040 711 2098; x_wconf 83' lang='lat' dir='ltr'>quoque</span> <span class='ocrx_word' id='word_1_160' title='bbox 727 2036 826 2078; x_wconf 79' lang='lat' dir='ltr'>ueteres</span> <span class='ocrx_word' id='word_1_161' title='bbox 843 2021 890 2078; x_wconf 85' lang='lat' dir='ltr'>in·</span> 
     </span>
     <span class='ocr_line' id='line_1_24' title="bbox 196 2092 890 2180; baseline 0.003 -25"><span class='ocrx_word' id='word_1_162' title='bbox 196 2092 288 2177; x_wconf 77' lang='lat' dir='ltr'>jurias</span> <span class='ocrx_word' id='word_1_163' title='bbox 309 2099 394 2158; x_wconf 85' lang='lat' dir='ltr'>ulrum</span> <span class='ocrx_word' id='word_1_164' title='bbox 417 2100 512 2170; x_wconf 84' lang='lat' dir='ltr'>irent,</span> <span class='ocrx_word' id='word_1_165' title='bbox 539 2101 618 2159; x_wconf 84' lang='lat' dir='ltr'>toties</span> <span class='ocrx_word' id='word_1_166' title='bbox 641 2097 723 2177; x_wconf 82' lang='lat' dir='ltr'>casas</span> <span class='ocrx_word' id='word_1_167' title='bbox 742 2101 890 2180; x_wconf 83' lang='lat' dir='ltr'>legiones,</span> 
     </span>
     <span class='ocr_line' id='line_1_25' title="bbox 202 2178 888 2261; baseline 0.003 -25"><span class='ocrx_word' id='word_1_168' title='bbox 202 2199 294 2259; x_wconf 77' lang='lat' dir='ltr'>agnam</span> <span class='ocrx_word' id='word_1_169' title='bbox 305 2178 464 2261; x_wconf 79' lang='lat' dir='ltr'>ademptum.</span> <span class='ocrx_word' id='word_1_170' title='bbox 479 2180 550 2239; x_wconf 84' lang='lat' dir='ltr'>Haec</span> <span class='ocrx_word' id='word_1_171' title='bbox 561 2196 716 2240; x_wconf 86' lang='lat' dir='ltr'>moverunt</span> <span class='ocrx_word' id='word_1_172' title='bbox 723 2179 864 2241; x_wconf 87' lang='lat' dir='ltr'>Veientes</span> <span class='ocrx_word' id='word_1_173' title='bbox 876 2226 888 2256; x_wconf 94' lang='lat'>,</span> 
     </span>
     <span class='ocr_line' id='line_1_26' title="bbox 165 2258 888 2343; baseline 0.007 -28"><span class='ocrx_word' id='word_1_174' title='bbox 165 2268 169 2273; x_wconf 88' lang='lat'>&#39;</span> <span class='ocrx_word' id='word_1_175' title='bbox 202 2279 235 2317; x_wconf 87' lang='lat' dir='ltr'>ac</span> <span class='ocrx_word' id='word_1_176' title='bbox 251 2281 304 2340; x_wconf 89' lang='lat' dir='ltr'>pro</span> <span class='ocrx_word' id='word_1_177' title='bbox 322 2260 350 2321; x_wconf 89' lang='lat' dir='ltr'>se</span> <span class='ocrx_word' id='word_1_178' title='bbox 371 2259 508 2343; x_wconf 87' lang='lat' dir='ltr'>quisque,</span> <span class='ocrx_word' id='word_1_179' title='bbox 525 2260 659 2320; x_wconf 88' lang='lat' dir='ltr'>Romano</span> <span class='ocrx_word' id='word_1_180' title='bbox 677 2258 776 2320; x_wconf 89' lang='lat' dir='ltr'>saltem</span> <span class='ocrx_word' id='word_1_181' title='bbox 793 2260 888 2335; x_wconf 86' lang='lat' dir='ltr'>duce,</span> 
     </span>
     <span class='ocr_line' id='line_1_27' title="bbox 195 2340 888 2420; baseline 0.009 -26"><span class='ocrx_word' id='word_1_182' title='bbox 195 2340 370 2420; x_wconf 82' lang='lat' dir='ltr'>ignominias</span> <span class='ocrx_word' id='word_1_183' title='bbox 385 2341 560 2416; x_wconf 86' lang='lat' dir='ltr'>demendas,</span> <span class='ocrx_word' id='word_1_184' title='bbox 576 2341 655 2401; x_wconf 90' lang='lat' dir='ltr'>bello</span> <span class='ocrx_word' id='word_1_185' title='bbox 697 2361 713 2400; x_wconf 91' lang='lat' dir='ltr'>e</span> <span class='ocrx_word' id='word_1_186' title='bbox 731 2340 827 2400; x_wconf 83' lang='lat' dir='ltr'>amiffa</span> <span class='ocrx_word' id='word_1_187' title='bbox 842 2362 888 2400; x_wconf 89' lang='lat' dir='ltr'>re-</span> 
     </span>
     <span class='ocr_line' id='line_1_28' title="bbox 170 2419 887 2560; baseline 0.003 -81"><span class='ocrx_word' id='word_1_188' title='bbox 170 2472 173 2479; x_wconf 71' lang='lat'><em>,</em></span> <span class='ocrx_word' id='word_1_189' title='bbox 200 2419 344 2497; x_wconf 84' lang='lat' dir='ltr'>petenda,</span> <span class='ocrx_word' id='word_1_190' title='bbox 359 2423 507 2480; x_wconf 86' lang='lat' dir='ltr'>minaciter</span> <span class='ocrx_word' id='word_1_191' title='bbox 519 2421 652 2482; x_wconf 78' lang='lat' dir='ltr'>fremunt.</span> <span class='ocrx_word' id='word_1_192' title='bbox 694 2420 887 2560; x_wconf 67' lang='lat' dir='ltr'>atquinienses</span> 
     </span>
     <span class='ocr_line' id='line_1_29' title="bbox 168 2502 887 2582; baseline 0.011 -28"><span class='ocrx_word' id='word_1_193' title='bbox 168 2565 170 2568; x_wconf 10' lang='grc' dir='ltr'><em>Α</em></span> <span class='ocrx_word' id='word_1_194' title='bbox 199 2518 308 2557; x_wconf 91' lang='lat' dir='ltr'>nomen</span> <span class='ocrx_word' id='word_1_195' title='bbox 325 2520 357 2558; x_wconf 86' lang='lat' dir='ltr'>ac</span> <span class='ocrx_word' id='word_1_196' title='bbox 377 2520 412 2559; x_wconf 87' lang='lat' dir='ltr'>co</span> <span class='ocrx_word' id='word_1_197' title='bbox 433 2503 510 2560; x_wconf 85' lang='lat' dir='ltr'>natio</span> <span class='ocrx_word' id='word_1_198' title='bbox 531 2502 734 2582; x_wconf 75' lang='lat' dir='ltr'>movetzpule</span> <span class='ocrx_word' id='word_1_199' title='bbox 756 2523 821 2561; x_wconf 90' lang='lat' dir='ltr'>rum</span> <span class='ocrx_word' id='word_1_200' title='bbox 840 2505 887 2562; x_wconf 89' lang='lat' dir='ltr'>vi-</span> 
     </span>
     <span class='ocr_line' id='line_1_30' title="bbox 198 2519 886 2666; baseline 0.009 -30"><span class='ocrx_word' id='word_1_201' title='bbox 198 2576 319 2637; x_wconf 84' lang='lat' dir='ltr'>debatur</span> <span class='ocrx_word' id='word_1_202' title='bbox 335 2576 398 2639; x_wconf 91' lang='lat' dir='ltr'>suos</span> <span class='ocrx_word' id='word_1_203' title='bbox 415 2519 520 2641; x_wconf 50' lang='lat' dir='ltr'>{ornae</span> <span class='ocrx_word' id='word_1_204' title='bbox 533 2604 661 2666; x_wconf 83' lang='lat' dir='ltr'>regnare.</span> <span class='ocrx_word' id='word_1_205' title='bbox 681 2580 724 2641; x_wconf 84' lang='lat' dir='ltr'>Ita</span> <span class='ocrx_word' id='word_1_206' title='bbox 736 2582 795 2642; x_wconf 89' lang='lat' dir='ltr'>duo</span> <span class='ocrx_word' id='word_1_207' title='bbox 812 2584 886 2642; x_wconf 90' lang='lat' dir='ltr'>dua-</span> 
     </span>
     <span class='ocr_line' id='line_1_31' title="bbox 164 2660 887 2737; baseline 0.01 -22"><span class='ocrx_word' id='word_1_208' title='bbox 164 2710 168 2715; x_wconf 84' lang='lat'>.</span> <span class='ocrx_word' id='word_1_209' title='bbox 198 2679 262 2717; x_wconf 90' lang='lat' dir='ltr'>rum</span> <span class='ocrx_word' id='word_1_210' title='bbox 278 2660 425 2720; x_wconf 76' lang='lat' dir='ltr'>civitatum</span> <span class='ocrx_word' id='word_1_211' title='bbox 448 2666 614 2737; x_wconf 85' lang='lat' dir='ltr'>exercitus,</span> <span class='ocrx_word' id='word_1_212' title='bbox 635 2662 672 2723; x_wconf 90' lang='lat' dir='ltr'>ad</span> <span class='ocrx_word' id='word_1_213' title='bbox 692 2682 722 2723; x_wconf 89' lang='lat' dir='ltr'>re</span> <span class='ocrx_word' id='word_1_214' title='bbox 745 2664 887 2723; x_wconf 83' lang='lat' dir='ltr'>etendunr</span> 
     </span>
     <span class='ocr_line' id='line_1_32' title="bbox 166 2741 881 2825; baseline 0.01 -30"><span class='ocrx_word' id='word_1_215' title='bbox 166 2814 168 2817; x_wconf 22' lang='grc' dir='ltr'>Ι</span> <span class='ocrx_word' id='word_1_216' title='bbox 197 2741 477 2824; x_wconf 85' lang='lat' dir='ltr'>regnum‚.belloque</span> <span class='ocrx_word' id='word_1_217' title='bbox 488 2742 701 2825; x_wconf 86' lang='lat' dir='ltr'>persequendos</span> <span class='ocrx_word' id='word_1_218' title='bbox 740 2764 881 2818; x_wconf 88' lang='lat' dir='ltr'>omanos,</span> 
     </span>
     <span class='ocr_line' id='line_1_33' title="bbox 99 2815 886 2907; baseline 0.01 -29"><span class='ocrx_word' id='word_1_219' title='bbox 99 2898 100 2903; x_wconf 8' lang='grc' dir='ltr'>ἵ</span> <span class='ocrx_word' id='word_1_220' title='bbox 196 2815 283 2896; x_wconf 79' lang='lat' dir='ltr'>secuti</span> <span class='ocrx_word' id='word_1_221' title='bbox 293 2819 491 2905; x_wconf 83' lang='lat' dir='ltr'>Tarquinium.</span> <span class='ocrx_word' id='word_1_222' title='bbox 501 2823 654 2907; x_wconf 86' lang='lat' dir='ltr'>Postquam</span> <span class='ocrx_word' id='word_1_223' title='bbox 664 2827 694 2887; x_wconf 87' lang='lat' dir='ltr'>iu</span> <span class='ocrx_word' id='word_1_224' title='bbox 707 2843 808 2905; x_wconf 83' lang='lat' dir='ltr'>agrurn</span> <span class='ocrx_word' id='word_1_225' title='bbox 820 2823 886 2902; x_wconf 46' lang='lat' dir='ltr'>Ra,</span> 
     </span>
    </p>
   </div>
   <div class='ocr_carea' id='block_1_4' title="bbox 0 0 996 3600">
    <p class='ocr_par' dir='ltr' id='par_1_4' title="bbox 0 0 996 3600">
     <span class='ocr_line' id='line_1_34' title="bbox 0 0 996 3600; baseline 0 6"><span class='ocrx_word' id='word_1_226' title='bbox 0 0 996 3600; x_wconf 95' lang='lat' dir='ltr'> </span> 
     </span>
    </p>
   </div>
  </div>
 </body>
</html>
