1984 3600
45 481 99 538 ium
107 476 292 539 Volscorum
304 475 343 547 &
433 482 518 526 otum

47 559 136 623 nendo
154 579 240 632 rem,
261 557 303 615 ab
325 545 517 612 sediuonibus
546 539 711 600 continuere
730 552 742 605 ;

47 641 149 698 urbano
166 656 295 719 quoque
313 634 383 694 otio
398 628 467 689 ioris
485 622 584 683 omnia
595 612 749 697 tranquilla

50 717 98 779 effe
117 717 328 789 affirmantes,
343 731 398 793 per
414 703 567 769 discordias
585 697 686 760 civiles
699 713 748 754 ex·

50 814 140 859 ternos
158 799 272 859 tollere
294 796 424 854 animos.
442 785 519 847 Cura
535 782 613 864 pacis
629 793 752 838 concor-

54 878 103 936 diae
116 899 238 960 quoque
255 872 407 936 intestinae
425 864 506 928 causa
521 861 582 924 fuit.
598 858 656 920 Sed
677 855 751 915 alter

56 957 159 1040 semper
171 959 254 1019 ordo
270 956 374 1038 gravis
383 951 497 1010 alterius
512 939 661 1002 modestiae
672 951 748 996 erat:

60 1038 206 1118 quiescenti
228 1037 321 1120 plebi
344 1033 381 1092 ab
403 1024 560 1111 junioribus
580 1021 695 1081 Panum
710 1018 753 1074 in·
799 1055 828 1093 ,-

59 1115 130 1196 juriae
149 1119 217 1179 fieri
235 1133 352 1198 coeptae
368 1135 376 1172 t
392 1111 442 1169 ubi
457 1104 562 1166 tribuni
581 1098 685 1161 auxilio
700 1079 863 1169 hu·{“}¹›‘2{,¹2

62 1199 217 1259 milioribus
238 1195 358 1267 effen,
376 1195 406 1251 in
422 1188 521 1270 primis
537 1201 638 1263 parum
648 1175 830 1264 prode-⁶¹2⁵bin

65 1280 240 1353 undeunde
253 1298 296 1336 ne
317 1271 371 1356 ἱρῇ
381 1269 499 1352 quaem
512 1261 642 1322 inviolati
654 1274 733 1318 erant
741 1237 847 1329 ‚iiia

64 1361 155 1440 utique
173 1358 341 1441 postremis
356 1347 517 1419 mensibus,
540 1356 628 1425 quum
652 1340 685 1400 &
701 1356 756 1419 per

70 1440 203 1499 coitiones
223 1439 432 1520 potentiorum
443 1426 543 1506 injuria
553 1422 634 1481 fieret
646 1463 656 1493 ,
668 1421 700 1480 &
708 1417 758 1477 vis

72 1518 213 1597 potestatis
234 1520 339 1578 omnis
356 1510 498 1592 aliquanto
515 1501 672 1586 posteriore
691 1496 760 1554 anni

73 1616 145 1676 parte
155 1601 202 1659 lan
246 1600 330 1658 idior
344 1593 434 1653 ferme
449 1585 516 1648 effet
529 1607 538 1643 t
552 1581 665 1660 jamque
676 1576 762 1657 plebs

78 1678 111 1734 ita
124 1682 153 1737 in
173 1621 329 1738 nizianam
341 1690 450 1756 ponere
468 1661 576 1744 aliquid
594 1659 672 1739 spei,
691 1655 712 1713 fi
728 1652 765 1712 st·

78 1757 153 1819 miles
172 1759 260 1821 Icilio
276 1758 410 1819 tribunos
425 1747 543 1808 haberet
555 1763 562 1801 z
574 1740 691 1799 nomina
705 1752 767 1793 tan-

80 1838 137 1898 sum
156 1839 187 1901 se
202 1840 332 1901 biennio
353 1826 486 1894 habuiffe.
510 1822 643 1884 seniores
663 1813 769 1876 contri

82 1916 211 1996 Panum,
225 1938 261 1981 ut
275 1918 364 1979 nimis
380 1912 492 1972 feroces
508 1903 572 1964 suos
592 1898 707 1960 credere
724 1892 768 1974 ju·

85 2018 167 2060 venes
185 2001 244 2063 effe
262 2023 272 2075 3
291 2001 331 2057 ita
347 1993 452 2063 malle,
467 1986 489 2046 fi
505 1982 610 2045 modus
629 1976 772 2039 exceden-

93 2076 139 2138 dus
148 2080 234 2157 effet,
245 2082 323 2153 suis,
335 2075 421 2159 quim
432 2063 595 2128 adversariis
607 2106 617 2134 ‚
627 2059 658 2118 su
679 2051 769 2115 ereise

94 2161 193 2222 animos
213 2186 222 2224 t
248 2163 326 2222 adeo
343 2150 504 2216 moderatio
523 2140 636 2203 tuendae
659 2082 778 2197 fiberta-

96 2239 143 2313 fiS‚
152 2243 222 2302 dum
236 2239 345 2324 aequari
353 2234 429 2297 veile
441 2221 598 2288 simulando
612 2222 651 2277 ita
662 2216 693 2276 se
700 2211 775 2353 auis·

97 2339 147 2398 que
162 2325 297 2395 extollit,
315 2313 502 2395 utdeptimat
522 2304 629 2372 alium,
652 2300 681 2355 in
721 2289 776 2352 iffi·

98 2400 141 2457 tili
151 2402 190 2462 est
203 2428 213 2478 3
226 2399 416 2478 cavendoque
431 2411 468 2449 ne
483 2397 610 2447 metuant
622 2379 775 2444 homines,

100 2485 268 2544 metuendos
288 2482 363 2539 ultro
382 2475 409 2533 se
423 2468 574 2536 efficiunt3
594 2463 625 2522 &
644 2456 776 2539 injuriam

103 2562 212 2622 anobis
231 2584 262 2624 re
285 2558 391 2628 uisam,
407 2567 552 2631 tamquam
568 2558 615 2601 aut
628 2539 719 2599 facere
730 2548 778 2594 aut
787 2590 887 2619 ...a

106 2643 160 2718 pati
177 2586 288 2703 necessz
303 2638 354 2710 stt,
371 2631 541 2712 injungimus
558 2624 628 2682 aliia.

143 2719 250 2783 LXVI.
269 2719 308 2780 T.
333 2716 470 2793 Quintius
489 2706 533 2768 Ca
553 2702 667 2761 itolinus

108 2800 165 2859 iiim
182 2728 595 2884 &AgrippaFuriusconAEies
615 2776 681 2836 inde
704 2797 720 2834 a
796 2781 815 2816 ἰ)

833 2784 838 2813 ¹
869 2797 879 2819 o

797 2836 836 2860 aar.
849 2821 890 2858 Fu-

95 2901 99 2912 .
113 2896 162 2942 nec
174 2881 344 2945 seditionem
359 2875 439 2938 domi
447 2916 459 2949 ‚
467 2887 523 2929 nec
539 2861 609 2926 fetis
619 2857 727 2919 bellum
738 2870 782 2913 ὅθ·
788 2857 821 2920 ni
832 2866 890 2923 coffi
