1984 3600
152 398 255 483 AD
306 393 729 493 LECTOREM.

94 551 240 685 Em
258 600 394 676 tandem
413 606 448 676 in
467 607 580 678 lucem
596 607 640 681 T.
655 610 789 703 livium·

92 702 234 775 historiae
249 702 413 773 Romanae
430 703 606 799 princeps,
622 709 709 802 typis
723 712 788 781 ele·

91 820 209 897 gauter
226 795 413 893 expressus,
431 800 555 870 utinam
573 800 611 873 ὅ(
629 804 786 876 emenda·

94 900 170 967 tior.
192 900 233 968 In
254 897 324 965 hoc
341 920 361 964 e
384 896 472 991 regio
494 897 644 993 scriptore
665 926 783 973 recen·

96 989 196 1064 sendo
218 1017 260 1063 ea
283 918 383 1062 certi
397 1017 490 1063 mens
511 993 618 1066 nostra
639 995 721 1086 fuit,
747 1017 783 1070 ut

94 1110 200 1161 textus
215 1087 318 1185 quint
334 1082 606 1163 emendatissimus
622 1084 710 1165 esset.
730 1100 782 1168 Ac

92 1188 217 1259 mirum
239 1181 371 1256 sortasse
395 1185 578 1277 videbitur,
605 1213 708 1283 quum
731 1210 783 1263 tot

91 1280 731 1453 {ttssffi‘ti‘nif'fflstnsffls
747 1289 782 1358 ³¹¹

92 1497 169 1548 'ram
191 1476 382 1572 posuerint,
405 1474 562 1570 superesse
587 1477 696 1548 adhuc
712 1408 782 1564 ‚pin

145 1598 168 1642 o
184 1572 358 1644 recentium
377 1570 543 1642 editorum
565 1575 713 1643 elaboret
730 1574 783 1642 in·

96 1599 226 1741 iiisiria.
245 1669 406 1741 Nimirum
423 1669 458 1738 in
476 1666 571 1737 causa
588 1665 633 1737 est
649 1667 715 1763 ipse
733 1688 800 1740 tots

92 1766 306 1863 interpretum
324 1789 507 1853 numerus,
534 1762 571 1837 ὅ(
590 1762 780 1859 editomm,

90 1868 149 1961 qui
177 1865 251 1950 sunt
274 1862 552 1954 innumerabiles,
583 1860 663 1932 dum
690 1888 780 1934 non-

88 1963 200 2049 num,
224 1944 681 2062 quinutu-onustum
704 1958 779 2048 eu,

88 2085 152 2154 nro
178 2058 237 2129 suo
262 2054 657 2152 intereuntem,
681 2056 779 2150 nud-

89 2154 173 2252 quid
187 2155 282 2227 libuit
288 2151 304 2241 ’,
320 2150 506 2224 substituere
519 2150 663 2240 audent,
680 2154 779 2224 etiam

88 2252 226 2338 invitis,
240 2269 276 2321 ut
287 2267 540 2343 nonnumquam
552 2244 610 2341 ipsi
623 2248 780 2341 profiten-

87 2369 168 2435 tur,
191 2346 232 2418 &
253 2346 501 2419 reclamantibus
525 2344 621 2415 libris.
644 2342 705 2414 His
724 2363 778 2416 tu-

88 2470 173 2515 men
193 2444 346 2515 omnibus
364 2436 389 2512 si
408 2466 479 2512 non
495 2440 590 2537 aeque
608 2440 779 2515 tribuenda

89 2541 187 2628 laus,
206 2540 308 2636 gratia
327 2537 421 2610 certi
432 2535 582 2607 habenda
599 2533 668 2624 est,
685 2535 779 2631 quod

88 2637 168 2708 huic
180 2637 325 2732 scriptori
334 2636 411 2706 vitae
423 2630 618 2704 restituendo
631 2655 716 2702 curae
728 2634 781 2702 ali·

91 2731 171 2827 quid
183 2732 346 2830 impertiti
359 2729 545 2817 noluerint‘,
562 2726 707 2822 ideoque
720 2751 798 2810 not.

568 2865 590 2913 a
612 2866 636 2935 ¹1
