1984 3600
167 199 174 206 ·
254 175 596 245 er'ru‘ll.
695 197 760 249 ποι

92 282 161 422 tbaut¹
172 331 184 360 ‚
199 288 317 353 intentos
334 293 416 356 velut
430 291 468 352 ad
481 291 624 375 impetum
639 290 763 353 hostium
775 318 876 413 ᾖ

103 384 184 428 enuit.
237 390 239 395 ¹
798 384 837 411 Μ
866 397 873 412 ·

103 524 109 537 ·
130 446 217 510 LXV.
231 450 290 513 Ubi
306 446 419 526 illuxit,
434 450 585 512 Romanus
600 453 709 535 integer
722 449 764 511 sa·
774 419 874 469 mec.

91 526 219 671 ff&
237 530 524 615 somno’Produeius
542 535 572 591 in
588 535 699 608 aciem,
710 529 764 592 fes-

220 612 260 673 do
276 616 308 676 &
322 615 428 696 vigiliis
443 611 583 673 Volscum
597 615 693 695 primo
707 613 764 672 im·

93 704 156 765 Petu
172 694 292 772 perculit
308 717 315 755 :
334 713 509 775 quamquam
531 691 634 753 ceffere
650 694 761 775 magis,

32 854 33 857 Ἴ
94 767 171 845 quim
183 772 255 853 pulsi
265 772 361 835 hostes
372 772 435 834 sunt
445 796 454 848 3
464 775 531 856 quia
540 773 575 833 ab
586 790 668 857 tergo
682 791 762 834 erant

94 846 213 924 clivi‚in
229 876 302 936 quos
318 850 383 936 post
399 856 538 937 principia
553 856 610 913 inte
631 857 668 913 ris
686 854 761 931 ordi·

95 927 169 1021 uibus
185 949 260 995 turus
275 954 407 1018 receptus
426 933 488 996 fuit.
508 875 635 1009 ConsuF,
650 930 700 994 ubi
723 932 761 994 ad

97 1026 211 1089 ”uquum
230 1017 327 1076 locum
341 1032 461 1076 venturu
478 1013 520 1075 est
528 1034 545 1088 ‚·
555 1013 624 1074 sistit
643 1016 760 1087 aciem:

100 1088 171 1149 miles
182 1114 253 1178 aegre
267 1098 357 1156 teneri
370 1118 380 1171 3
398 1096 518 1156 clamare
533 1098 566 1157 δι
582 1094 714 1176 poscere,
727 1112 761 1157 ut

97 1171 217 1246 perculsis
228 1174 328 1236 instare
337 1176 429 1236 liceat.
440 1175 574 1236 Ferocibs
585 1192 671 1259 agunt
681 1177 761 1257 equi-

97 1261 136 1306 tes
150 1271 157 1310 ε
173 1253 324 1317 circumfufi
344 1255 411 1316 duci
426 1256 637 1332 vociferantur,
652 1254 680 1315 se
694 1271 761 1316 ante

99 1324 169 1409 figna
184 1336 277 1397 ituros.
293 1335 377 1397 Dum
398 1335 542 1396 cunciatur
560 1336 681 1411 consul,
703 1337 761 1396 vir-

99 1422 154 1469 tute
177 1418 290 1476 militum
309 1416 395 1495 fretus
407 1412 499 1490 ,ioco
522 1438 624 1498 parum
645 1415 760 1487 fidens,

105 1491 263 1556 conclamant
273 1495 300 1557 se
314 1494 405 1557 ituros
415 1519 424 1571 ;
435 1497 650 1577 clamoremque
665 1516 709 1555 res
719 1494 761 1555 est

106 1564 199 1635 secuta.
210 1575 275 1638 Firis
289 1580 318 1637 in
333 1593 438 1637 terram
453 1577 541 1659 pilis‚·
559 1578 618 1655 qub
634 1576 760 1635 leviores

107 1649 186 1712 ardua
200 1658 360 1732 evaderent,
376 1654 458 1717 cursu
472 1652 601 1714 subeunt.
617 1652 760 1727 Volscus,

107 1727 189 1793 effirfis
205 1738 235 1797 ad
269 1742 371 1800 timum
390 1739 533 1819 impetum
556 1731 702 1794 miffilibus
719 1752 762 1794 te·

101 1808 150 1885 lis,
163 1815 219 1877 saxa
232 1762 391 1901 obiacentia
399 1816 521 1899 pedibus
538 1817 640 1898 ingerit
650 1819 680 1875 in
698 1815 762 1875 sub-

103 1911 208 1973 euntes,
230 1898 410 1981 turbatosque
430 1897 533 1958 iciibus
550 1899 655 1957 crebris
679 1916 761 1980 urget

102 1990 134 2031 ex
151 1975 282 2059 superiore
300 1982 385 2041 loco:
397 1977 434 2062 fic
449 1978 541 2060 prope
557 1996 704 2039 oneratum
717 1978 760 2039 est

101 2050 222 2120 finistnrm
244 2063 384 2123 Romanis
398 2077 507 2131 comu,
521 2060 551 2117 ni
573 2058 761 2119 referentibus

99 2127 152 2212 jam
166 2142 276 2223 gradum
294 2140 409 2213 consul,
420 2137 604 2219 'increpando
622 2136 705 2196 simul
718 2155 763 2197 te·
817 2168 820 2173 ·

100 2219 259 2297 ueritatem,
278 2222 362 2282 simul
383 2223 393 2279 i
417 2221 546 2290 'aviam,
567 2216 678 2298 pudore
701 2236 763 2277 me·

100 2309 153 2357 tum
166 2301 322 2363 excuffisset.
335 2240 475 2362 Reifiiere
486 2299 602 2380 primi),
615 2294 762 2358 obstinatis

99 2379 186 2442 ariimis
201 2405 211 2458 ;
226 2384 351 2457 deinde,
373 2398 405 2441 ut
428 2382 458 2439 in
481 2379 641 2438 obtinentes
663 2376 762 2439 locum

99 2458 165 2520 vires
182 2462 328 2537 ferebant,
354 2461 459 2522 audent
479 2460 555 2519 ultro
579 2459 696 2543 gradum
719 2461 762 2518 in·

98 2530 180 2615 ferre3
197 2547 248 2620 bc,
263 2545 387 2605 clamore
402 2558 560 2615 renovato,
574 2557 763 2601 commovent

99 2619 198 2683 aciem:
215 2642 276 2686 tum
293 2621 384 2684 rursus
403 2624 513 2704 impetu
532 2638 638 2703 capto,
653 2622 763 2680 enitun-

100 2711 138 2757 tur
151 2719 229 2786 atque
243 2703 410 2787 exsuperant
425 2705 600 2783 iniquitatem
618 2702 685 2760 loci.
699 2700 762 2760 Jam

101 2784 180 2865 prope
191 2803 249 2850 erar
258 2831 267 2862 ,
277 2802 309 2848 ut
318 2787 348 2846 in
358 2783 500 2847 summum
509 2785 577 2921 clilvi
588 2780 688 2862 jugum
699 2800 764 2844 eva·

579 2881 601 2921 v
