1984 3600
235 229 278 305 88
427 233 465 305 T.
514 236 583 306 Lr
612 252 724 306 rrr
798 203 800 207 ι
966 299 969 310 ,

230 349 326 432 ptiits,
333 368 409 432 patre
422 350 573 430 deindefiro
585 347 908 444 regnante,perpeffisz'nt,¹
968 383 974 418 5

227 430 284 509 sem
305 455 331 490 er
349 451 398 491 aut
415 431 471 510 exs
480 437 581 503 celent,
596 450 805 526 autpatzantur.
826 427 906 489 Haud
971 467 974 474 ·

235 510 262 569 d·
297 507 386 572 culter
396 455 554 594 persiiasum
567 510 906 593 Latin1s‚quamquamin
972 573 973 576 Ἰ

235 610 272 651 eo
292 590 402 652 foedere
419 591 547 674 superior
560 592 690 652 Romana
704 613 750 651 res
771 608 830 650 erat
845 612 852 648 z
868 608 906 647 ce·

234 687 329 730 terum
344 675 375 733 &
390 673 480 753 capita
491 674 614 732 nominis
623 672 715 733 Latini
726 670 797 731 stare
812 691 842 729 ac
852 668 906 729 sen·
966 703 974 740 ς»

234 752 288 811 tire
304 774 369 812 cum
384 773 451 846 rege
466 751 603 815 videbant
614 794 624 825 ‚
634 755 665 813 &
677 751 793 811 Turnus
807 749 847 809 sui
856 750 907 809 cui·
966 745 974 794 ¹,

235 852 291 912 que
312 833 449 913 periculi,
473 832 494 892 fi
517 832 678 892 adversatus
701 829 795 906 effer,
815 849 905 896 recens

236 929 296 970 erar
313 911 525 973 documentum.
549 912 591 971 Ita
609 929 781 972 renovatum
799 909 904 981 foedus,

234 989 371 1050 indicium
391 1012 427 1051 ue
447 990 605 1072 junioribus
622 991 809 1064 Latinorum,
825 1007 855 1049 ut
874 1008 904 1061 eu

235 1069 346 1130 soedere
368 1014 414 1131 <sie
434 1074 511 1131 certi
531 1072 567 1131 ad
587 1072 682 1132 lucum
697 1069 853 1131 Ferentinae
870 1090 905 1126 ar·

235 1153 304 1210 mati
320 1150 482 1232 frequentes
496 1149 628 1212 adessent.
643 1151 706 1230 Qui
722 1151 773 1210 ubi
791 1151 827 1210 ad
839 1150 905 1209 edic·

235 1247 297 1289 tum
307 1230 431 1291 Romani
441 1233 515 1314 regis
530 1254 566 1307 ex
577 1231 708 1292 omnibus
718 1231 831 1312 populis
845 1250 904 1288 con·

172 1319 176 1328 ”
235 1331 363 1385 venere,
380 1332 416 1371 ne
437 1313 540 1373 ducem
563 1312 662 1387 suum,
679 1332 756 1371 neve
777 1310 904 1371 secretum

236 1392 403 1473 imperium,
416 1396 567 1475 propriave
582 1390 659 1474 signa
677 1391 828 1465 haberent,
844 1387 902 1449 mis·

170 1470 173 1475 ’
236 1473 294 1530 cuit
311 1475 384 1531 mani
407 1474 470 1533 ulos
486 1495 522 1533 ex
537 1472 642 1532 Latinis
658 1470 864 1553 Romanisque,
877 1486 903 1528 ut

147 1566 151 1572 '
237 1572 274 1610 ex
292 1552 366 1612 binis
382 1496 505 1636 singulos
519 1552 642 1625 faceret,
655 1551 795 1634 binosque
813 1573 846 1610 ex
858 1548 904 1608 sm·

237 1632 310 1726 gulis
327 1656 333 1692 :
349 1634 388 1692 ita
399 1636 547 1717 geminatis
566 1633 716 1714 manipulis
735 1634 902 1691 centuriones

236 1734 276 1772 am
298 1712 378 1773 osuit.

277 1736 353 1853 illl.
375 1793 437 1854 Nec
453 1812 484 1853 ut
503 1791 619 1873 injustus
638 1795 668 1852 in
686 1815 757 1875 pace
779 1816 849 1866 rex,
871 1790 903 1849 in

238 1873 296 1932 dux
310 1871 378 1932 belli
393 1895 495 1953 pravus
514 1873 588 1933 suit:
604 1877 672 1955 quin
686 1876 721 1934 eti
738 1892 796 1933 arte
810 1866 902 1954 aequas·

238 1951 280 2012 set
306 1950 462 2034 superiores
485 1974 587 2036 reges,
612 1956 641 2012 ni
666 1955 861 2036 degeneratum
877 1953 902 2008 in

239 2032 299 2091 aliis
318 2033 383 2092 huic
401 2042 527 2114 quoque
539 2034 636 2094 decori
653 2032 796 2094 offecisset.
813 2034 839 2093 Is
854 2029 902 2113 pri·

148 2111 224 2198 {ff
238 2134 301 2172 mus
320 2112 433 2173 Volscis
450 2114 559 2173 bellum
576 2116 605 2173 in
629 2114 767 2175 ducentos
793 2113 901 2194 amplius

139 2206 224 2257 Volscis.
237 2193 301 2274 post
317 2192 393 2254 suam
409 2212 521 2254 aetatem
544 2217 631 2254 annos
648 2198 759 2269 movit,
776 2192 903 2254 Suessam-

258 2296 294 2333 ue
312 2274 469 2335 Pometiam
486 2296 521 2334 ex
535 2277 577 2334 his
592 2278 623 2335 vi
645 2276 741 2355 cepit:
758 2275 806 2333 ubi
825 2290 902 2354 quum

235 2297 417 2418 iiiuendendi
433 2356 530 2437 praedi
550 2356 732 2437 quadraginta
748 2356 847 2414 talenta
865 2372 904 2408 ar-

237 2437 316 2515 genti
340 2435 455 2514 aurique
480 2433 617 2494 refecisset
637 2459 646 2509 3
667 2438 798 2517 concepit
817 2434 902 2492 animo

236 2534 299 2573 eam
316 2513 531 2593 amplitudinem
549 2515 629 2575 Jovis
648 2517 769 2597 templi,
783 2536 844 2596 quae
865 2510 902 2569 di·

234 2614 289 2674 gna
300 2592 386 2652 derim
395 2594 600 2678 hominumque
610 2617 676 2676 rege
686 2642 695 2669 ,
707 2618 770 2677 quae
778 2595 901 2654 Romano

234 2675 274 2732 im
296 2675 377 2747 eri0,
395 2697 457 2757 quae
477 2674 562 2758 ipsius
583 2678 667 2735 etiam
688 2677 744 2735 loci
769 2671 901 2754 majestate

235 2775 250 2812 e
273 2771 308 2813 et.
322 2752 473 2836 Captivam
486 2758 635 2838 pecuniam
650 2758 680 2813 in
693 2753 901 2815 aedificationem

236 2832 296 2913 ejus
314 2837 414 2918 templi
428 2836 559 2918 seposuit.
578 2836 699 2916 Excepit
720 2836 822 2897 deinde
842 2849 901 2892 eum
