1984 3600
242 224 545 296 ιιιιιι
680 181 723 327 st

69 355 128 397 men
138 357 199 400 tura
207 339 377 417 deseruerat,
388 343 533 401 exanimes
544 341 610 402 vice
622 344 722 415 unius,

68 439 144 499 quem
161 436 213 481 tres
235 419 350 482 Curiatii
371 420 619 482 circumsteterant.
640 421 725 483 Forte

67 498 88 555 is
103 500 201 583 integer
218 499 288 578 sirit,
311 520 343 563 ut
364 500 502 563 universis
523 500 598 561 solus
620 522 725 583 nequa·

66 597 140 716 guni
165 599 230 663 par,
255 580 293 643 sic
325 581 460 643 adversus
487 580 611 664 singulos
632 581 724 644 seror.

116 682 149 734 o,
168 679 198 721 ut
215 660 376 745 segregaret
395 681 519 744 pugnam
536 682 657 736 eorum,
683 683 725 723 ca·

64 679 135 818 pddt
149 739 253 824 sugam,
263 745 303 802 ita
320 758 394 802 ratus
411 740 553 801 secuturos
564 786 574 815 ,
585 759 618 802 ut
627 762 724 822 quem·

64 839 115 899 que
130 822 239 883 vulnere
258 820 390 882 affedium
412 841 514 902 corpus
533 820 642 881 smeret.
660 821 723 882 Iam

65 899 218 980 aliquantum
239 901 257 962 s
289 904 321 961 tii
345 922 382 961 ex
399 921 435 961 eo
453 903 536 974 loco,
551 901 599 961 ubi
615 921 724 984 pugna·

62 993 123 1037 <tum
144 979 196 1054 est,
212 923 290 1044 ands
704 985 710 997 ’

69 1057 113 1117 det
129 1065 223 1144 magnis
248 1063 407 1123 intervallis
435 1060 583 1143 sequentes
602 1082 612 1135 ;
636 1082 724 1122 unum

68 1137 233 1222 haudprocui
243 1144 278 1202 ab
291 1142 350 1204 sese
367 1140 460 1202 abess‘e
474 1164 482 1201 ε
496 1144 526 1201 in
541 1162 608 1201 eunt
618 1152 723 1236 magno'

67 1220 161 1299 impetu
178 1224 265 1284 rediit.
289 1221 326 1283 Et
351 1223 419 1284 dum
436 1221 565 1282 Albanus
586 1240 724 1282 exercrms

67 1299 181 1362 inclamat
199 1302 347 1376 Curiatiis,
367 1320 399 1363 ut
416 1325 436 1362 ο
457 1313 505 1362 em
522 1301 614 1361 ferant
629 1299 723 1373 fratri,

71 1375 121 1456 jam
137 1382 281 1457 Horatius,
298 1381 371 1443 caeso
391 1324 472 1441 hose
492 1382 604 1455 vider,
624 1379 724 1441 secun·

279 997 383 1065 gerat,
407 1003 494 1063 quum
511 980 662 1063 respiciens
681 1006 725 1043 vi·

73 1458 132 1517 dam
143 1483 257 1543 pugnam
270 1464 392 1543 petebat.
403 1460 482 1522 Tum
497 1462 640 1533 clamore,
656 1483 724 1542 qua·

74 1535 115 1626 iis·
125 1559 156 1598 ex
168 1542 299 1623 insperato
319 1543 477 1604 faventium
490 1540 584 1616 solet,
601 1541 724 1600 Romani

70 1617 194 1695 adjuvant
218 1624 329 1683 militem
346 1622 456 1696 suum;
479 1623 512 1683 ὅ(
535 1622 583 1680 ille
610 1618 726 1702 defungi

71 1699 160 1778 proeiio
178 1700 291 1764 festinat.
313 1703 393 1764 Prius
413 1706 514 1785 itaque>
529 1700 614 1783 quiam
635 1700 726 1774 alter,

69 1781 172 1922 guigan
194 1785 293 1927 procgl
315 1783 435 1880 aberat,
455 1780 589 1922 εοιιὲειιῒιιι
607 1778 726 1923 godet,
778 1874 779 1877 Ἴ

116 2066 124 2095 ,
420 2071 428 2084 ·
572 2066 582 2093 r
836 2094 840 2100 .

79 2120 130 2163 erro
147 2127 249 2188 corpus
268 2109 302 2169 &
327 2106 469 2188 geminata
486 2103 625 2175 videtin,
647 2100 727 2161 sero*
827 2124 834 2137 ·

69 2201 121 2242 tem
140 2188 166 2245 in
193 2204 338 2247 certamen
361 2187 476 2245 tertium
504 2183 608 2243 dabant
627 2204 636 2256 ;
657 2181 727 2241 alter

69 2258 150 2325 fesstun
163 2267 303 2341 vulnere,
321 2262 421 2325 sessum
439 2264 519 2325 cursu
537 2264 649 2323 trahens
666 2282 727 2331 cor,-

71 2360 131 2419 Ρῑῑε,
148 2346 292 2442 visiusque
318 2345 436 2406 fratrum
464 2361 529 2403 ante
557 2341 586 2403 se
611 2340 701 2437 strage
716 2370 727 2418 ·,

70 2421 152 2484 videri
169 2425 303 2507 objicrmr
325 2423 399 2486 hosti
413 2449 420 2486 ε
433 2445 486 2484 nec
509 2423 579 2483 iilud
595 2422 728 2506 proehum

72 2497 120 2562 fuit
139 2505 283 2568 Romanus
299 2505 439 2567 exsultans
455 2551 465 2579 ‚
482 2509 585 2577 Duos,
609 2505 699 2585 inquit
718 2535 728 2578 ι

68 2576 160 2670 sussum
175 2590 311 2648 Manibus
329 2590 391 2648 dedi
410 2608 423 2658 ;
443 2589 545 2644 tertium
566 2581 651 2662 causa
667 2583 730 2640 bels’

75 2659 178 2740 slsusce,
196 2688 228 2728 ut
237 2672 380 2729 Romanus
388 2666 500 2727 Albano
513 2669 616 2743 imperet
623 2707 634 2734 ,
648 2663 728 2722 dabo.

115 2743 137 2807 ld
152 2746 292 2808 sustinenti
305 2761 401 2823 arma,
415 2746 537 2829 gladium
553 2742 671 2824 superne
688 2739 732 2818 ju«

79 2821 129 2897 gulo
152 2827 248 2910 defigit
272 2851 283 2904 ;
304 2827 446 2911 jacentem
471 2825 581 2909 spoliat.
607 2821 731 2885 Romani
