1984 3600
277 234 504 312 LIBER
561 229 590 299 s.
732 231 773 328 83

92 358 122 402 uc
136 341 224 405 caedis
245 365 379 428 paternae
403 365 517 410 cruento
535 345 692 422 vehiculo,
710 369 778 409 con·

92 428 224 486 caminata
239 429 303 510 ipsa
320 429 521 512 respersaque,
536 426 626 492 tulisse
642 428 677 489 ad
695 450 778 510 pena·

28 511 29 514 ’
91 517 131 564 tes
145 504 210 567 suos
235 512 355 595 virique
371 510 412 571 sui
431 510 556 591 ;quibus
578 511 678 583 iratis,
699 510 776 570 malo

89 589 166 668 regni
175 592 324 673 principio
337 590 444 651 similes
453 590 622 670 propediem
633 592 723 650 exitus
733 590 777 650 se-

91 687 255 747 querentur.
275 672 398 734 Servius
416 668 528 730 Tullius
546 672 675 752 regnavit
686 692 794 752 annos?
822 686 868 725 urit

90 764 208 829 quatuor
223 753 256 813 &
273 751 480 835 quadraginta,
494 753 533 809 ita
547 768 578 809 ut
593 750 673 811 bono
690 753 775 812 etiam
786 748 837 775 “⁸'‘

91 830 302 914 moderatoque
314 831 477 893 succedenti
486 832 545 912 regi
555 828 677 891 difficilis
691 854 776 892 aemu-

92 908 161 970 latio
174 910 250 972 esset.
269 912 412 974 Ceterum
428 910 459 970 id
473 932 588 993 quoque
602 911 638 971 ad
657 912 776 994 gloriam

97 989 224 1066 ucceffit,
240 993 321 1075 quod
339 1014 407 1053 cum
423 992 475 1052 illo
493 989 575 1051 simul
590 989 663 1072 justa
683 1013 715 1052 ac
737 993 778 1053 le·

98 1072 194 1153 gitinra
204 1094 292 1156 regna
302 1074 479 1134 occiderunt
494 1070 620 1152 Idipsum
634 1089 693 1132 tam
707 1077 776 1133 mite

99 1174 131 1211 ac
145 1170 201 1213 tam
220 1155 403 1214 moderatum
418 1155 570 1233 imperium
583 1169 697 1227 tamen,
710 1156 777 1235 quia

97 1234 177 1292 unius
194 1233 283 1308 esset,
304 1236 451 1315 deponere
470 1253 536 1292 eum
553 1235 583 1291 in
606 1236 703 1293 animo
729 1235 777 1292 hn-

99 1310 184 1374 buisse
196 1316 313 1397 quidam
330 1313 460 1374 aucioret
476 1311 539 1372 sunt
553 1334 563 1386 3
581 1314 611 1372 ni
631 1311 719 1374 scelus
735 1316 776 1371 in-

101 1393 231 1454 testinum
247 1394 399 1455 liberanda
417 1395 515 1475 patriae
531 1390 647 1455 consilia
662 1395 776 1475 agitanti

101 1474 298 1535 intervenisset.
902 1527 905 1530 .

147 1554 251 1615 XLIX.
271 1555 337 1616 Inde
351 1555 385 1616 L.
404 1552 578 1637 Tarquinius
596 1574 610 1612 r
667 1573 712 1613 are
731 1575 886 1614 oc---

108 1637 215 1714 coepit,
232 1638 276 1694 cui
292 1634 417 1717 Superbo
435 1654 601 1716 cognomen
631 1632 690 1691 atta
706 1635 778 1693 indi-
789 1610 886 1712 Ϋὲζῖἶῖζ

110 1715 225 1790 derunt,
242 1718 302 1797 quia
311 1715 441 1777 socerum
460 1734 550 1796 gener
559 1711 699 1792 sepulturi
712 1734 779 1808 pro·
789 1708 887 1795 „fflfffi‘

108 1796 213 1871 noun,
225 1800 364 1857 namnum
386 1819 492 1877 quoque
510 1792 668 1876 insnul‘um
684 1791 854 1935 ζ’”1Ῑ’ῖ;;ἐῖ;

108 1876 250 1937 diffitens:
287 1880 407 1937 timores
430 1877 545 1935 Parrum
562 1919 572 1949 ,
590 1896 662 1956 quos
704 1878 776 1935 ervii
856 1880 862 1892 ’

107 1959 186 2018 rebus
202 1957 219 2016 s
252 1960 258 1972 '
279 1957 463 2030 caedebat,
477 1954 619 2016 interfecit
629 1978 637 2014 ι
647 1954 775 2017 conscius

106 2038 205 2097 deinde
215 2038 287 2097 male
298 2037 445 2120 quaerendi
458 2038 539 2116 regni
552 2036 588 2095 ab
603 2033 631 2095 se
650 2034 711 2114 ipso
728 2037 776 2096 ad·

106 2121 199 2178 versut
216 2116 244 2178 se
268 2119 434 2199 exemplum
451 2119 515 2195 capi
537 2114 615 2197 posse
632 2158 642 2187 ,
663 2120 776 2177 armatis

106 2218 205 2279 corpus
228 2196 426 2278 circumsepsit.
451 2195 557 2277 Neque
581 2196 658 2255 enim
675 2197 711 2255 ad
731 2194 776 2276 jus

109 2282 183 2362 regni
199 2279 352 2361 quidquam
375 2294 479 2358 praeter
497 2279 559 2336 vim
582 2274 722 2349 habehat,
744 2294 777 2337 ur

144 2364 152 2418 i
172 2379 264 2439 neque
281 2358 383 2440 populi
401 2355 600 2438 ‘ulsu,·neque
618 2354 776 2418 ausioribus

105 2382 228 2499 simbus
244 2456 377 2522 regnaret.
398 2382 442 2499 io
458 2437 628 2511 accedebat,
640 2455 671 2497 ut
687 2439 718 2497 in
732 2460 778 2498 ca-

108 2522 185 2579 ritate
203 2516 306 2579 civium
323 2518 393 2579 nihil
407 2517 466 2599 spei
481 2520 631 2599 reponenti
644 2537 722 2580 metu
735 2540 776 2579 re-
809 2536 870 2575 Mna

112 2620 192 2681 gnum
211 2598 354 2659 tutandum
376 2598 443 2659 esset
463 2621 473 2673 ;
494 2620 581 2680 quem
598 2617 630 2658 ut
648 2600 775 2678 pluribus
785 2599 863 2683 ffifij'

113 2682 295 2753 incuteret,co
316 2681 437 2739 nitiones
445 2679 605 2759 capitalium
613 2700 709 2738 rerum
718 2677 776 2738 sme

115 2757 230 2819 consiliis
240 2699 324 2838 perse
335 2757 409 2818 solus
418 2760 583 2832 exercebam
594 2779 701 2840 perque
712 2778 775 2817 eam

113 2837 219 2903 reusam
234 2838 379 2915 occidere,
393 2842 423 2902 in
438 2838 567 2979 &²5¹¹ss
579 2860 680 2928 agere,
693 2838 778 2901 bonis

586 2941 616 2999 Vl
