1984 3600
259 271 334 349 344
453 255 492 326 T.
539 257 745 328 errt

150 391 248 427 ιε
260 370 375 431 suorum
386 361 485 467 'magis
506 371 657 454 placebant
673 368 811 443 confilia,
825 384 861 428 ne
870 364 919 430 W

152 446 251 504 Μή·
263 454 397 535 ginquam
414 452 546 512 mllitiam
564 474 623 513 non
639 468 802 536 paterentur
821 443 922 514 Patitur*

263 531 378 615 postero
395 531 442 592 die
460 530 489 592 se
512 549 701 615 pugnaturum
720 532 818 592 edicit.
839 523 922 588 DQ

261 615 318 673 tori
329 634 360 672 ac
377 611 532 686 Romanis,
542 615 622 694 quiid
633 611 808 674 detreslasset
817 621 924 692 pugn!

261 692 375 765 hostis,
399 694 485 753 animi
505 693 641 754 accessere
664 716 675 769 3
695 691 868 775 posteroque
886 685 923 746 ἃ

261 770 321 853 jam
334 774 470 833 militibus
482 772 570 833 castra
581 776 740 854 urbemque
754 772 785 831 se
801 792 840 851 op

262 870 341 913 tutos
358 852 563 929 frementibus,
584 856 615 913 ni
641 856 725 936 copia
745 872 850 934 pugnae
915 888 922 917 r

263 936 406 1016 utrimque
417 936 491 993 acies
502 937 577 994 inter
586 933 654 993 bina
672 932 762 994 castra
775 935 806 992 in
817 929 922 990 medua

183 1007 223 1043 Μ
233 1019 252 1043 ‘¹
264 1017 357 1096 campi
387 1015 556 1096 procedunt.
586 1014 696 1074 Veiens
719 1060 730 1088 ,
756 1009 921 1072 'multitud‘ne

155 1105 190 1141 «ἂι
216 1117 238 1141 ιι·
264 1092 434 1174 abundans,
456 1098 507 1177 qui
526 1098 600 1154 inter
620 1096 839 1154 dimicationem
858 1086 921 1151 calin

156 1165 245 1240 silan
263 1169 395 1254 Romana
415 1197 432 1234 a
482 1175 653 1250 ederentur,
670 1173 738 1256 post
758 1190 869 1233 montes
881 1170 919 1230 ei*

177 1262 227 1287 ⁰⁰³⁴·
264 1253 414 1314 cummisit.
431 1195 535 1315 lgrlium
552 1278 591 1337 po
632 1257 729 1315 lorum
749 1251 919 1315 exercitatis

264 1333 340 1397 stetit
356 1334 522 1410 instruslus,
540 1352 573 1395 ut
588 1277 720 1396 lilinum
732 1356 824 1395 cornu
834 1333 918 1406 Veitu-

264 1411 308 1475 tes
318 1459 328 1490 ,
339 1413 477 1476 sinistrum
487 1414 586 1476 Falisci
600 1433 747 1490 tenerent,
759 1415 846 1475 medii
855 1411 917 1486 list·

263 1513 343 1555 nates
358 1494 454 1558 essent.
473 1495 605 1557 Dislatot
621 1497 724 1556 dextro
741 1517 830 1572 cornu
842 1494 916 1553 adve-

265 1579 313 1637 sus
323 1575 468 1649 Faliscos,
483 1575 594 1636 sinistro
611 1595 711 1636 contra
726 1569 915 1636 Veientem&-
946 1589 947 1646 l

264 1658 402 1739 pitolinus
420 1655 560 1735 Quintius
575 1658 670 1716 intulit
688 1654 768 1737 signa
780 1679 788 1716 ε
802 1672 858 1714 ante
873 1670 914 1712 me
946 1649 947 1708 l

227 1789 231 1797 .
264 1737 343 1796 diam
361 1738 451 1796 aciem
477 1758 543 1797 cum
565 1740 692 1819 equitatu
714 1732 913 1819 magisterequi·

264 1822 326 1878 tum
343 1816 484 1898 processit.
496 1818 597 1878 Parum
619 1839 650 1878 er
665 1814 908 1895 silentiumwe!

264 1896 333 1970 suit,
343 1918 396 1956 nec
406 1896 528 1957 Etruscis
538 1901 586 1972 ,ni
599 1922 608 1956 1
619 1915 805 1979 cogerentur,
814 1911 907 1979 pugnam

263 1979 373 2036 inituris
401 1999 410 2050 3
433 1980 471 2038 v&
495 1979 631 2039 dislatore
660 1999 756 2036 arcem
784 1979 908 2039 Romanam

248 2055 458 2138 ,respeilante,
480 2075 513 2117 ut
531 2059 567 2118 ab
590 2058 763 2140 auguribus,
780 2056 848 2118 fimul
859 2073 910 2113 aves

263 2139 316 2196 rite
337 2136 524 2211 admisissent,
550 2159 586 2198 ex
612 2137 774 2219 composito
791 2138 910 2199 tolleretur

264 2216 382 2301 fignum.
406 2216 501 2296 Quod
524 2216 606 2278 simul
634 2218 803 2299 conspexit,
826 2217 909 2299 primu

265 2301 375 2380 equites
392 2298 517 2359 clamore
537 2297 647 2358 sublato
666 2296 696 2357 in
707 2298 813 2359 hostem
825 2294 909 2357 etnifit:
946 2360 947 2391 ,

265 2378 358 2439 secuta
377 2379 507 2459 peditum
529 2380 603 2441 acies
622 2381 731 2460 ingenti
755 2382 784 2438 vi
802 2378 907 2438 conflixit
946 2398 947 2405 ¹

265 2459 295 2520 N
296 2458 354 2517 ulli
365 2475 444 2542 parte
457 2459 585 2542 legiones
594 2457 718 2519 Etruscae
729 2458 865 2521 sustinuere
874 2460 907 2517 in·

284 2554 365 2619 etum
376 2537 573 2601 Romanorum
584 2562 591 2600 :
605 2560 692 2621 eques
702 2541 819 2599 maximi
827 2537 907 2598 ressslt·

265 2560 314 2681 lat
325 2639 334 2691 3
346 2621 531 2701 equitumque
543 2620 627 2701 longe
639 2618 798 2679 sortiffimus
804 2618 856 2701 ipse
862 2638 906 2687 rer,

264 2699 301 2757 ab
318 2699 398 2757 omni
419 2718 499 2780 parte
519 2699 607 2759 effuse
622 2697 795 2781 sequentibus
816 2699 906 2783 obequi

266 2795 327 2840 tans
343 2776 501 2853 Romanis,
516 2780 644 2840 trahebat
659 2797 804 2840 certamen.
900 2781 904 2793 ’

218 2940 222 2949 ¹
306 2857 387 2927 XIX·
402 2857 468 2923 Erat
480 2876 541 2923 tum
551 2862 624 2922 inter
633 2862 744 2943 equites
754 2858 906 2932 nibuuusni:
