1984 3600
211 170 259 239 40
408 149 702 222 Ἑὶινιι

208 266 390 328 indixerant:
411 268 472 329 haec
497 269 656 329 renuntiant
680 264 780 326 Tullo.
808 259 896 325 Tum

209 344 308 428 legatis
328 346 430 408 Tullus
459 348 573 409 dicendi
597 345 796 430 potestatem,
819 343 897 427 quid

209 444 338 507 petentes
345 430 491 503 venerint,
498 427 580 488 facit:
592 430 633 487 illi
642 430 771 488 omnium
782 427 876 507 ignari
882 468 895 495 ,

209 510 332 585 primum
350 508 610 591 purgandoterunt
630 524 768 587 tempus:
789 509 828 565 Se
850 507 897 564 in-

207 589 280 646 titos
295 591 439 669 quidqttam
446 634 457 661 ‚
471 591 545 668 quod
559 589 648 648 mittis
659 589 770 668 placeat
786 586 871 645 Tullo
880 629 893 656 ‚

208 667 320 727 ditiuros
330 712 341 739 ,
358 668 409 749 sed
426 672 533 749 imperio
555 667 670 749 subigi:
691 690 730 726 res
754 669 896 745 repetitum

202 744 234 824 se
251 747 348 827 teniffe
360 770 370 808 .·
381 752 411 808 ni
426 752 584 819 reddantur,
596 749 692 807 bellum
703 747 818 806 indicere
829 742 894 824 jus-

201 824 258 903 fits.
287 828 338 888 Ad
362 829 422 888 haec
442 826 545 888 Tullus
567 851 575 887 ι
594 830 751 897 Nuntiate,
776 828 807 884 in
829 828 894 897 uit,

207 908 260 986 regi
281 910 391 988 uestro,
414 929 495 989 regem
526 911 679 967 Romanum
712 910 776 966 deos
797 847 895 985 jacere

109 1009 113 1014 ·
206 988 298 1066 testes,
318 1005 376 1047 uter
395 990 472 1068 prius
487 989 607 1068 populus
626 1010 666 1047 tes
687 1004 829 1067 repetentes
856 988 895 1045 le·
971 989 972 1032 l

203 1084 284 1145 gatos
302 1066 457 1147 aspematus
472 1067 619 1146 dimiserit,
631 1087 662 1128 ut
679 1070 708 1127 in
721 1088 780 1126 eum
800 1088 894 1127 omnes

206 1164 332 1225 expetant
347 1145 453 1225 hujusce
473 1150 563 1207 clades
586 1149 659 1207 belli.

95 1240 194 1319 ἰῆς·
245 1224 356 1286 XXIII.
379 1227 450 1287 Haec
471 1231 600 1288 nuntiant
625 1227 746 1287 domum
770 1223 892 1287 Albani.
972 1186 974 1298 i

96 1320 193 1370 ¹·C·⁶⁶7·
207 1303 243 1365 Et
261 1305 370 1366 bellum
391 1310 532 1389 utrimque
557 1307 666 1367 summi
691 1328 750 1388 ope
774 1307 912 1387 μηδι-ι
972 1343 973 1384 t

96 1368 195 1455 ‘iiiiii'
205 1401 273 1459 tur,
293 1389 370 1448 civili
391 1386 564 1447 simillimum
583 1387 683 1458 bello,
704 1387 797 1468 prope
816 1388 892 1446 inter

95 1465 159 1506 Μ’·
207 1483 338 1548 parentes
368 1468 528 1552 natosque,
551 1465 709 1548 Troianam
740 1483 892 1549 utramque

207 1547 341 1687 Edem,
386 1570 454 1609 uum
479 1548 628 1608 Lavinium
654 1547 690 1606 ab
714 1544 832 1627 Troia,
855 1547 892 1605 ab

249 1631 328 1689 vinio
342 1628 372 1688 A
402 1628 681 1701 a,abAlbanorum'
690 1624 776 1708 stirpe
788 1646 820 1686 te
860 1648 891 1686 m

209 1710 323 1769 oriundi
332 1708 455 1768 Romani
466 1707 561 1768 ellent.
576 1707 703 1768 Eventus
713 1724 811 1766 tamen
842 1708 892 1767 elli

208 1791 301 1849 minus
332 1787 521 1849 miserabilem
551 1788 765 1848 dimicationem
789 1785 891 1861 fecit3

209 1869 289 1950 quud
311 1888 363 1927 nec
387 1871 447 1928 acie
474 1884 611 1927 cenatum
636 1866 696 1940 est,
722 1870 782 1940 δι,
809 1866 891 1927 tellis

209 1948 299 2009 modi>
320 1949 417 2008 dirutis
433 1948 546 2008 alterius
563 1947 657 2021 urbis¹
675 1949 733 2008 duo
747 1948 849 2029 populi
861 1951 890 2006 in

209 2049 297 2088 unum
316 2027 424 2088 confusi
437 2028 508 2090 sunt.
518 2028 624 2089 Albani
642 2031 768 2109 priores,
782 2029 891 2110 Ingenti

210 2111 354 2180 exercitu,
378 2111 407 2168 in
432 2130 531 2193 agrum
559 2108 723 2168 Romanum
749 2110 890 2188 impetum
975 2158 976 2169 ,

210 2187 323 2250 fecere:
339 2188 427 2249 castra
447 2189 482 2249 ab
501 2190 571 2250 urbe
592 2188 667 2249 haud
683 2189 747 2270 plus
763 2189 889 2270 quinque

208 2270 299 2330 millia
338 2268 443 2337 atluum
463 2270 581 2339 locant,
599 2266 669 2328 foss‘a
686 2268 861 2339 circumdant
880 2289 889 2328 z

211 2347 280 2408 folla
298 2293 403 2410 (iluilia
415 2349 455 2408 'ab
470 2351 591 2408 nomine
611 2347 691 2407 ducis
712 2369 764 2429 per
781 2348 890 2430 aliquot

211 2428 304 2488 secula
323 2428 463 2510 appellata
476 2425 518 2486 est
529 2470 539 2500 ‚
551 2427 643 2486 donec
656 2449 721 2487 cum
737 2449 767 2487 re
781 2449 889 2487 nomeu

232 2529 270 2567 uo
311 2506 483 2569 evetustate
509 2506 644 2568 abolevit.
672 2506 706 2566 In
728 2508 771 2569 his
794 2506 888 2567 castris

211 2529 279 2648 alui
290 2591 333 2647 'us
351 2587 479 2648 Albanus
497 2609 547 2647 rex
565 2590 706 2648 moritur:
723 2586 889 2647 distatorem

211 2667 315 2735 Albani
334 2667 468 2729 Mettium
483 2666 635 2729 Fuffetium
652 2683 755 2729 creant.
770 2666 888 2726 Interim

112 2785 116 2794 ·
210 2745 311 2810 Tullus
330 2747 429 2830 ferox,
450 2749 592 2833 praecipue
608 2764 700 2813 mune
717 2749 809 2830 regis,
826 2767 890 2824 mut
908 2790 911 2795 ,
