1984 3600
231 286 317 357 dionis
333 287 456 384 pedotis
469 340 480 370 ‚
495 293 577 385 quam
594 286 725 359 felicioris
739 282 844 384 ingenii
857 282 919 359 Ca:

230 384 343 479 pellauo
357 382 405 454 srbi
418 383 519 455 dilium
531 384 558 454 in
571 384 673 456 litteras
687 382 801 463 retulit;
816 410 918 481 quein·

230 478 293 551 dam
307 479 450 577 Capellaui
465 480 602 564 amicum,
618 480 707 551 virum
720 507 780 550 non
789 480 917 551 illittera-

229 596 311 659 tum,
329 603 414 672 quum
429 575 631 675 pildluderet,
648 574 866 647 animaduertisse
884 575 916 648 in

221 696 264 742 „ea
277 673 417 769 palmula,
432 701 497 771 quae
509 672 557 744 libi
576 674 642 744 effer
657 675 692 744 ad
703 699 836 755 manum,
856 671 916 754 frat·¹

224 791 340 934 quaeum
356 771 542 866 quorumdam
555 768 623 842 Livii
639 769 773 841 librorum
789 766 838 864 qui
855 767 914 841 bo·¹
983 798 984 861 j

248 863 273 935 ie
287 891 345 936 nou
359 867 483 949 culleum
504 892 647 962 quumque
660 891 720 938 rent
730 862 779 936 fibi
792 863 912 938 ulterius
949 889 951 893 ’
983 866 984 907 ³

226 956 417 1056 inquirendam
433 963 568 1060 putasset,
595 962 762 1059 comperisse
782 989 828 1032 eas
849 961 910 1034 elle

225 1056 356 1154 reliquias
380 1057 487 1154 aliquot
509 1056 631 1129 fimilium
656 1058 875 1130 membranarum
889 1060 913 1142 ·‚‘

226 1177 292 1248 quae
315 1181 330 1225 a
354 1154 517 1226 monialibus
542 1157 642 1227 dumbs
664 1153 910 1230 Fontebtaldeulis.

223 1247 453 1348 pharmacopolae
465 1250 573 1322 cuidam
583 1251 758 1335 donatae‚ab
766 1250 822 1322 hoc
830 1250 907 1348 igna-

122 1394 133 1401 -ι
225 1371 282 1428 ro,
300 1346 386 1442 qualis
400 1346 448 1420 libi
462 1347 603 1420 thesaurus
620 1346 793 1430 obtendet,
804 1345 906 1419 rendi·

223 1462 262 1509 tae
277 1442 370 1513 lotent
386 1444 519 1542 operatio
535 1442 676 1542 ignobili,
688 1441 737 1540 qui
752 1442 785 1515 iis
804 1442 903 1515 abusus

223 1537 291 1610 elset
309 1541 343 1610 ad
361 1542 493 1639 tegendas
507 1541 566 1612 illas
582 1541 715 1637 palmulas
732 1539 830 1636 quibus
845 1538 903 1636 pila

142 1684 152 1689 „
221 1633 334 1707 luditur.
351 1637 436 1709 Vanis
449 1637 604 1733 hujusmodi
619 1635 676 1707 line
690 1659 770 1707 certo
785 1636 903 1709 audiore

158 1762 163 1773 ·
223 1732 379 1805 rumoribus
394 1735 478 1805 fidem
494 1735 614 1818 babeat,
632 1731 676 1805 cui
693 1731 826 1830 placuerit
841 1732 887 1806 {cl

130 1865 133 1870 »
221 1827 294 1898 inani
311 1828 358 1925 lpe
374 1828 484 1902 lallare.

110 1975 153 2031 οι
177 1994 213 2028 ar·
271 1924 381 1995 Partitio
403 1926 498 2023 operis
517 1925 545 1997 in
565 1926 686 1999 decades
707 1948 798 1998 utrum
816 1953 833 1997 a
854 1925 906 2004 ti«

109 1995 196 2101 „nl-fn,
221 2017 268 2090 vio
286 2020 339 2105 fir,
360 2021 492 2094 dubitavit
511 2022 680 2106 petrarcha,
698 2022 746 2118 qui
765 2050 826 2096 eam
847 2044 900 2120 po·-

109 2128 187 2209 qperrs
219 2114 270 2200 rjus
289 2141 378 2188 ortam
398 2119 452 2198 elle
489 2141 548 2190 utat
565 2146 581 2191 a
599 2119 731 2192 lallidiola
747 2118 901 2217 legentium

108 2199 213 2319 {sm
218 2211 333 2311 ignavia
352 2216 430 2286 Idem
443 2146 551 2289 adluit
564 2214 693 2313 Sigonius
709 2242 744 2286 cx
755 2240 907 2313 perpetuo

151 2304 160 2323 ⁹
217 2332 343 2382 veterum
360 2311 634 2394 Grammaticorum,
653 2310 802 2396 Prisciani,
818 2311 899 2383 Dio·-

216 2405 327 2492 medis,
347 2407 514 2491 Censorinie
532 2406 653 2503 denique
670 2405 790 2479 audiotis
807 2407 900 2505 epito-

215 2528 322 2574 marum
339 2499 471 2588 blentio,
488 2502 538 2600 qui
557 2530 654 2596 omnes
673 2503 807 2589 librorum
826 2503 901 2588 lem·¹

215 2625 286 2695 per,
297 2624 445 2696 numquam
456 2600 592 2673 decadum
604 2597 773 2690 mentionem
786 2598 901 2676 laciunt.

177 2760 181 2766 .
216 2693 322 2767 frtdlra
341 2695 475 2795 quidam,
497 2720 528 2769 ut
548 2694 714 2772 contrariam
734 2693 901 2792 opinionem

748 2807 899 2901 tueantur,
