1984 3600
228 191 449 261 Linea
508 190 540 261 Ι.
679 210 722 290 95

16 341 18 344 ·
66 294 207 386 Tarquinii,
223 324 253 366 ut
271 306 398 380 Sextus,
418 310 468 389 qui
490 307 595 367 Romae
614 304 725 365 reliilur

64 383 160 460 luerat,
178 389 286 468 ignarus
297 387 426 470 responsi
441 384 548 469 expers
583 407 599 445 e
616 388 727 467 imperii

16 529 17 532 Ἴ
64 462 135 541 esset,
147 486 205 526 rem
221 465 330 529 summa
345 488 406 550 ope
423 470 509 527 taceri
525 408 624 546 jffient
643 489 653 540 ;
674 464 725 606 ipsi

62 544 122 604 inter
139 546 254 621 se,uter
290 551 376 622 rior,
419 569 487 607 uum
503 546 627 607 Romam
642 568 671 606 re
693 546 726 606 is·

63 622 113 683 sent
125 670 134 699 ‚
148 631 225 687 matri
245 572 379 689 oliulum
399 570 497 700 latet,
516 626 583 687 sorti
608 629 726 708 permit-

63 721 121 765 tunt.
137 705 249 783 Brutus,
265 709 325 769 alib
344 725 422 768 ratus
437 706 560 788 speihre
576 706 598 766 P
622 707 725 767 thicam

62 803 171 859 vocem,
187 789 266 847 velut
284 788 306 848 sr
324 786 473 927 prolapsus
493 728 633 847 cecidillit
645 832 655 861 ‚
668 804 726 848 ter·

64 885 117 924 ram
125 864 212 928 olculo
222 885 348 951 conngrt
357 891 366 943 ;
376 867 413 927 sci
425 870 497 941 icet,
514 867 593 949 qubd
606 888 641 927 ea
649 889 727 927 com·

64 948 148 1004 munis
161 966 240 1008 mater
253 950 391 1009 omnium
402 949 564 1008 mortalium
583 944 659 1007 ellet
673 947 727 1010 Re·

69 1023 148 1083 ‹limm
159 1028 217 1087 inde
228 1028 359 1090 Romam
370 1074 380 1104 ,
392 1028 441 1087 ubi
454 1028 588 1088 adversus
604 1026 726 1089 Rutulos

69 1101 161 1166 bellum
171 1106 273 1169 summi
287 1112 322 1170 vi
339 1108 500 1250 parabatur.

101 1184 181 1247 LVII.
197 1190 324 1250 Ardeam
367 1189 438 1249 utuli
455 1183 619 1263 habebant,
637 1209 706 1272 gens
716 1234 726 1264 ‚
736 1191 836 1282 ‘afflig

72 1281 98 1324 ut
116 1267 142 1324 in
158 1288 189 1327 ea
203 1272 318 1351 regione
337 1286 421 1352 atque
441 1271 470 1328 in
488 1291 522 1328 ea
538 1286 637 1340 aetate,
651 1269 728 1330 divi·
739 1294 793 1329 rura.

69 1345 109 1404 tiis
117 1349 275 1429 prepollens
287 1373 297 1425 ;
307 1371 398 1432 eaque
411 1348 470 1432 ipsa
482 1348 563 1409 causa
576 1348 645 1408 belli
657 1347 728 1423 fuir,

70 1426 141 1504 quod
156 1447 203 1486 rex
226 1428 373 1490 Romanus
391 1447 452 1489 tum
475 1427 534 1510 ipse
556 1428 660 1501 ditari,
680 1449 729 1488 ex·

70 1503 174 1564 haustus
187 1528 232 1565 ma
249 1509 388 1570 nificentizi
401 1508 582 1591 publicorum
594 1528 731 1588 opetum,

73 1529 345 1663 tumpraedilelinire
357 1613 397 1672 po
419 1590 541 1649 ularium
552 1589 662 1646 animos
674 1585 732 1645 stu-

78 1661 281 1747 debat,praeter
294 1671 376 1730 aliam
394 1613 555 1750 lirperbiam
581 1686 670 1747 regno
689 1668 733 1725 in-

76 1739 152 1803 festos
162 1749 240 1808 etiam
250 1794 259 1822 ,
270 1751 347 1832 qubd
363 1749 430 1811 sein
446 1747 592 1809 fabrorum
606 1744 733 1807 ministe-

75 1824 116 1887 riis
129 1846 158 1884 ac
174 1825 262 1890 servili
275 1832 383 1891 tamdiu
395 1830 508 1890 habitos
521 1825 607 1911 opere
618 1827 653 1886 ab
665 1845 732 1911 rege
791 1860 796 1872 ·

74 1903 277 1988 indignabantur.
286 1908 411 1972 Tentata
422 1932 466 1970 res
478 1908 534 1982 est,
544 1907 565 1967 fi
574 1911 668 1990 primo
681 1911 733 1968 im·
812 1924 815 1929 ‘

74 2001 134 2063 petu
146 1990 204 2069 oapi
218 1988 314 2051 Ardea
327 1990 419 2073 posset
431 2014 438 2051 :
448 1990 499 2049 ubi
512 1989 542 2048 id
552 2010 656 2126 parum
667 2011 734 2071 pro·

75 2062 165 2142 (elit,
189 2068 334 2145 obsidione
360 2069 551 2131 munitionibu
563 2090 619 2149 que
644 2070 733 2149 coepti

74 2148 154 2222 premi
173 2148 273 2212 hostes.
289 2151 324 2212 ln
339 2153 374 2211 iis
398 2150 525 2223 stativis,
542 2167 573 2208 ut
595 2147 627 2207 fit
643 2148 732 2229 longo

75 2227 152 2308 magis
174 2230 257 2311 quim
276 2234 332 2292 acri
352 2231 451 2303 bello,
466 2229 529 2289 satis
553 2228 635 2286 liberi
656 2248 734 2287 com

75 2324 169 2367 meatus
189 2329 289 2387 erant3
310 2311 482 2394 primoribus
506 2327 601 2368 tamen
620 2309 733 2389 magis,

76 2385 150 2464 quim
162 2390 304 2452 militibus.
326 2391 411 2474 Regii
429 2391 546 2474 quidem
560 2387 680 2469 juvenes
696 2389 735 2447 in-

76 2466 174 2526 terdum
183 2473 268 2530 otium
280 2475 422 2532 conviviis
435 2467 733 2551 comellationibusque

76 2544 138 2605 inter
147 2546 173 2606 se
182 2550 315 2611 terebant.
327 2550 413 2611 Forte
428 2551 589 2632 potantibus
601 2548 645 2607 his
657 2548 733 2630 apud
757 2560 844 2621 forro·

78 2620 182 2686 Sextum
189 2627 374 2712 Tarquinium
384 2675 393 2703 ‚
403 2632 451 2699 ubi
464 2634 496 2692 &
506 2630 665 2692 Collatinus
678 2649 734 2686 coe·
745 2620 845 2705 filiiflii]

79 2705 150 2764 rabat
160 2706 348 2791 Tarquinius,
362 2710 455 2792 Egerii
469 2709 563 2782 filius,
580 2707 679 2766 incidit
697 2708 732 2801 do
746 2712 845 2793 2:222„

79 2786 201 2849 uxoribus
209 2793 314 2857 mentio
325 2812 333 2851 ι
343 2790 420 2850 suam
430 2789 547 2874 quisque
560 2787 671 2850 laudare
682 2804 736 2846 mr·
