1984 3600
366 242 818 313 ιιεειι
934 193 1091 308 IV.
1272 252 1432 337 ‘409

59 357 283 440 ptaefidii
328 358 590 419 habebat
610 402 630 431 ,
660 370 753 418 aut
785 353 946 438 spem
973 356 1144 415 dabat
1183 354 1641 418 deditio-2223

59 442 136 498 nis
157 484 177 513 ‚
220 442 391 501 omni
428 438 674 521 publico
722 436 1049 509 frumento,
1104 436 1427 519 priusquam
1448 438 1646 535 {³3:222

62 522 180 580 urbs
225 537 580 601 caperetur,
612 520 670 577 in
711 537 900 576 arcem
952 517 1238 578 conveklo
1276 540 1295 592 3
1330 534 1431 579 tae-
1474 514 1484 525 ’

70 598 264 683 dioque
293 598 588 661 recessum
629 595 948 657 inde-foret
971 642 989 673 ,
1026 599 1086 658 ni
1123 594 1321 659 servus'
1347 622 1433 659 ar-

66 700 176 739 cem
193 681 486 741 Romanis
506 675 876 762 prodidisset:
904 678 973 738 ab
999 699 1069 739 eo
1093 681 1303 740 milites
1369 701 1431 741 er

66 759 243 821 locum
272 763 531 822 arduum
567 760 785 839 accepti
806 801 825 831 ,
863 779 1069 840 cepere
1102 781 1116 820 ε
1152 780 1185 819 a
1221 702 1429 844 quiEus

67 861 227 920 quum
259 841 540 903 custodes
579 838 1025 913 trucidarentur,
1058 858 1246 900 cetera
1280 843 1433 904 mul-

69 922 234 982 titudo
261 967 279 997 ,
306 924 624 1005 repentino
656 939 872 1001 pavore
907 919 1199 1002 oppress'a,
1239 923 1301 981 in
1326 922 1442 994 dei

75 995 335 1063 ditionem
359 1005 550 1065 venit.
574 1000 785 1060 Diruta
809 1000 873 1061 &
908 1021 1038 1060 arce
1069 1003 1135 1061 δι
1156 1002 1295 1063 urbe
1326 1002 1434 1063 Ar-

78 1082 192 1141 ten&
211 1129 230 1157 ,
258 1082 518 1145 reduRae
555 1082 610 1141 le
651 1083 812 1140 iones
842 1101 913 1140 ex
939 1080 1202 1157 Volscis,
1226 1082 1436 1144 omnifl-

146 1182 175 1220 e
203 1166 293 1224 vis
323 1164 605 1225 Romana
693 1163 817 1221 eios
855 1160 1130 1223 conversa
1168 1162 1269 1225 est.
1298 1164 1435 1225 Pro·-

117 1241 232 1301 ‘tori
260 1289 280 1319 ,
323 1262 545 1327 praeter
587 1242 904 1302 libertatem
926 1286 946 1315 ‚
984 1242 1222 1325 duarum
1268 1243 1436 1305 farni-

85 1318 260 1383 harum
292 1324 456 1385 bona
475 1327 539 1383 in
560 1325 854 1405 praemium
880 1322 1027 1382 data.
1057 1321 1287 1384 Servius
1310 1326 1441 1388 Ro·-

87 1420 259 1464 manus
286 1409 602 1468 vocitatus.
625 1402 766 1463 Sunt
798 1404 897 1485 qui
930 1402 1206 1464 Artenam
1223 1405 1439 1466 Veien-

89 1482 212 1541 tium
231 1530 250 1559 ,
275 1508 398 1546 non
418 1482 776 1547 Volscorum
797 1529 816 1557 ,
839 1481 996 1543 fuisse
1027 1484 1275 1546 credant.
1296 1486 1441 1547 Prae-

97 1556 181 1620 bet
208 1584 462 1627 errorem
484 1612 505 1641 ,
540 1564 700 1648 qubd
737 1562 992 1642 ejusdem
1026 1568 1272 1626 nominis
1305 1567 1443 1627 urbs

99 1640 224 1701 inter
245 1642 412 1707 Caere
432 1664 606 1729 atque
636 1642 820 1703 Veios
843 1642 947 1703 fuit
971 1666 984 1703 :
1005 1642 1104 1707 sed
1128 1666 1253 1705 eam
1279 1666 1443 1728 reges

103 1717 326 1785 Romani
354 1728 665 1800 delevere,
687 1721 1078 1806 Caeritumque
1101 1747 1219 1786 non
1230 1726 1448 1787 Veien-

104 1801 224 1863 tium
255 1804 455 1871 fuerat.
498 1806 703 1868 Altera
735 1806 858 1866 haec
890 1809 1124 1866 nomine
1154 1809 1364 1868 eodem
1386 1810 1447 1867 in

100 1875 296 1949 volsco
317 1910 458 1973 agro
484 1889 620 1965 fuit,
637 1884 798 1969 cujus
814 1886 1105 1950 excidium
1119 1887 1201 1953 est
1215 1888 1448 1962 dietum.

215 2936 405 3002 Tomus
443 2945 495 3006 Ι.
1096 2938 1165 3007 ,5
