1984 3600
212 259 247 338 L
277 289 302 339 1
333 286 367 339 B
400 289 424 338 ε
447 290 474 339 n
535 271 574 338 V.
679 290 751 368 425-

25 403 108 466 {uum
126 384 193 445 huc
213 401 318 466 atque
347 383 425 446 illuc
448 382 527 467 ligna
548 367 729 445 transferrent
742 430 753 459 ‚
765 409 866 443 aa

25 485 73 525 nec
85 464 271 526 Veientem
282 464 364 525 satis
384 466 520 526 cohibere
533 466 606 524 intra
616 468 754 526 munitio·
767 466 867 562 ⁰8³2}

25 565 95 619 nes,
112 567 174 606 nec
193 545 261 605 suis
284 548 488 605 munimentis
506 566 602 606 arcete
624 548 685 605 vim
697 591 707 619 ,
719 567 753 607 ac
766 530 786 559 ⁸⁰
808 527 831 567 '³

27 629 95 688 meri
115 626 148 686 se
165 626 208 685 ab
231 629 402 686 exteriore
421 642 553 708 poterant
574 624 665 686 hoste.
686 626 754 687 Una

30 702 90 785 spes
104 724 191 779 erat,
210 705 238 765 sr
262 727 307 767 ex
326 705 493 788 majoribus
511 699 606 766 castris
623 705 755 768 subveni-

30 802 127 860 retur,
146 805 184 847 ut
205 785 353 846 diversae
374 787 525 870 legiones,
541 788 602 847 aliae
618 788 754 848 adversita

35 862 222 947 Capenatem
231 866 755 949 acFaliscum,aliaecontraempti0-

36 964 101 1003 nem
123 969 168 1028 op
193 949 374 1008 idanorum
398 965 565 1030 pugnarent.
581 946 638 1008 Sed
659 946 754 1008 castris

39 1044 158 1115 praeerat
211 1030 370 1123 irginius‚
382 1031 517 1110 privatim
531 1026 632 1111 Sergio
646 1026 753 1089 invisus

44 1103 219 1189 infestusque
229 1132 239 1170 ⁸.
250 1131 280 1168 rs
294 1153 305 1183 ‚
323 1129 417 1190 quum
429 1109 565 1190 pleraque
578 1107 690 1171 castella
701 1131 755 1190 op·

45 1203 189 1275 pugnata,
211 1188 375 1269 superatas
391 1191 590 1263 munitiones,
611 1192 755 1271 utrimque

49 1267 144 1325 inuehi
154 1267 285 1329 hostem
304 1270 501 1343 nuntiaretur,
511 1272 636 1329 inarmis
649 1271 755 1330 milites

51 1348 138 1406 tenuit
148 1368 158 1420 ;
170 1347 195 1408 fi
207 1372 293 1431 opus
313 1349 394 1409 foret
404 1350 530 1423 auxilio,
543 1349 683 1432 collegam
697 1350 757 1410 dic·

53 1424 131 1485 titans
149 1429 189 1488 ad
207 1428 241 1490 se
264 1428 431 1490 missurum.
454 1428 548 1509 Hujus
569 1432 756 1511 arrogantiam

60 1508 213 1582 pertinacia
231 1510 359 1570 alterius
373 1509 520 1590 aequabat,
534 1512 600 1591 qui,
616 1529 653 1569 ne
668 1531 756 1592 quam

24 1600 27 1666 ᾖ
60 1602 143 1720 ppem
161 1590 201 1649 ah
219 1593 354 1651 inimico
373 1591 521 1651 videretur
536 1587 654 1673 periise,
676 1592 755 1650 vinci

27 1683 29 1690 ’
110 1667 212 1745 liolie,
226 1671 326 1752 quam
341 1672 459 1730 vincere
476 1691 530 1751 per
540 1672 636 1729 civem
647 1670 755 1730 maluit.

23 1764 27 1769 '
67 1737 123 1805 Diu
138 1750 168 1809 in
185 1752 295 1812 medio
316 1748 382 1811 caesr
400 1750 519 1825 milites,
530 1747 692 1831 postremo,
708 1748 758 1809 de·

24 1847 25 1850 ’
68 1820 141 1888 sertis
163 1830 405 1903 munitionibus,
429 1832 564 1912 perpauci
593 1833 622 1888 in
648 1828 758 1910 majora

23 1928 31 1958 ἰ
73 1904 171 1984 castra,
190 1934 260 1994 pars
269 1915 399 1973 maxima
408 1927 491 1992 atque
504 1909 562 1992 ipse
577 1908 690 1993 Sergius
701 1909 759 1971 Ro·

73 2003 144 2048 mam
158 1995 390 2072 pertenderunt:
405 1991 454 2050 ubi
465 2013 553 2073 quum
565 2011 683 2051 omnem
697 1990 758 2051 cul-

23 2086 33 2120 z·
79 2083 141 2143 pani
153 2073 185 2132 in
202 2075 283 2136 colle
306 2094 353 2131 am
372 2072 536 2145 inclinaret,
556 2074 640 2130 acciri
659 2071 759 2153 Virgi-

24 2171 26 2200 ῑ
80 2147 152 2210 nium
176 2173 214 2213 ex
240 2178 256 2215 c
302 2155 359 2227 ris,
377 2155 485 2211 interea
524 2149 616 2210 raeelie
648 2150 757 2232 legatos

23 2250 30 2284 2
80 2226 186 2303 plicuit
208 2233 288 2296 Aeia
308 2233 413 2293 deinde
436 2233 466 2290 in
489 2174 586 2289 {natu
613 2249 659 2289 res
689 2229 756 2302 est,

24 2315 26 2364 ss
84 2323 212 2373 certatum
234 2336 273 2375 ue
285 2318 360 2373 inter
370 2310 493 2393 collegas
502 2308 658 2368 malediffls
669 2330 676 2368 ε
689 2329 761 2388 pau-

23 2407 31 2446 τ,
84 2387 108 2446 ci
123 2338 307 2472 reipublicae,
323 2394 389 2452 huic
410 2408 495 2474 atque
509 2390 567 2463 illi,
581 2406 613 2449 ut
631 2387 759 2471 quosque

23 2489 30 2527 ε
87 2461 200 2606 stallium
214 2476 351 2559 privatim
369 2489 416 2533 aut
427 2474 515 2560 gratia
525 2487 760 2560 occupaverunt,

23 2569 30 2605 ι’
131 2570 186 2613 unt.

23 2627 31 2686 ἶ
123 2627 173 2694 lX.
189 2632 334 2696 Primores
350 2633 477 2706 Panum,
495 2631 555 2693 sive
574 2632 677 2715 culpi,
699 2629 760 2691 live
850 2697 854 2708 ‚

23 2730 30 2764 r
91 2704 244 2778 infelicitate
260 2719 464 2798 imperatorum
475 2759 485 2788 ,
495 2730 555 2772 tam
569 2710 759 2794 ignominiosa
773 2692 875 2782 ,222¹ssst

25 2839 28 2846 ff
92 2785 177 2855 clades
188 2813 304 2877 accepta
317 2793 400 2866 effet,
410 2792 542 2854 censuere
553 2837 563 2865 ‚
573 2795 640 2852 Non
651 2790 760 2871 exspec-
770 2792 875 2880 {2²22}

23 2889 31 2929 t
95 2873 194 2936 undum
202 2874 301 2961 justum
317 2894 419 2959 tempus
431 2876 598 2938 comitiorum
612 2892 626 2947 ,⁰
640 2869 691 2954 fid
709 2893 760 2935 ex-
772 2897 850 2943 gnte.
