1984 3600
204 257 278 327 v92
428 232 464 299 T.
514 234 639 300 [ιν
659 247 722 322 rr

124 360 219 447 Eriper-
232 364 402 409 numentum
417 348 498 429 regni
510 344 550 405 sui
564 344 760 428 nominisque,
774 344 915 426 relinque·

125 422 192 496 iiia?
191 427 224 499 ἵζ’.
234 447 278 489 ret
296 450 303 489 :
321 427 493 510 Tarquinios
505 447 586 508 reges
604 426 733 500 ambos‚·
758 442 851 485 atrem
867 448 916 486 vo-
961 454 980 476 n

125 509 216 549 ΨΜ·
231 506 424 592 uiffe,filium
440 505 594 590 perfeciffe.
614 506 670 580 Et,
685 524 716 566 ut
732 449 825 566 libera
839 527 856 563 a
874 526 915 563 ce·
965 533 977 571 ξ

232 592 302 656 vteris
331 588 515 671 religionibus
544 608 609 645 area
635 584 701 645 effet
724 603 788 645 tota
811 586 915 657 Jovis,
975 630 977 636 .

232 670 393 751 templique
414 666 474 746 ejus
530 667 570 726 od
582 664 815 739 inaedificatum,
835 687 917 725 exau·
975 723 977 732 ,

205 821 208 828 ⁴
231 771 334 845 ¹gurare
350 746 413 808 fana
428 689 584 827 saceiidque
604 744 712 819 statuit,
725 768 790 827 quae
807 745 916 884 aiiidmt

235 830 277 888 rbi
297 852 313 888 a
331 826 416 887 Tatio
431 848 463 886 re
484 847 519 900 e,
536 829 660 906 primum
679 828 710 884 in
732 824 795 908 ipso
845 827 914 883 'cri-
975 881 980 890 ,

236 913 312 970 mine
326 908 461 968 adversus
499 905 739 987 omulumpugnae
748 922 833 979 vota,
847 926 914 965 con.
973 933 980 949 ..

230 988 356 1061 sectata,
373 989 592 1068 inaugurataque
606 984 706 1065 postea
725 984 846 1045 fuerant.
868 984 913 1044 Irr-
973 1007 980 1015 ¹*

236 1086 280 1129 ter
294 1069 432 1205 principia
444 1066 588 1126 condendi
596 1063 679 1144 hujus
690 1067 787 1146 operis
795 1062 911 1125 moviss'e
975 1083 979 1115 's

235 1169 370 1206 numena
402 1146 581 1205 indicandam
594 1148 664 1204 tanti
676 1148 791 1226 imperii
806 1145 910 1205 molem
975 1164 980 1200 r

235 1228 353 1288 traditur
369 1227 461 1307 deols:
482 1248 548 1286 nam
569 1247 658 1306 quum
675 1228 806 1286 omnium
826 1224 910 1284 sacel-
975 1247 980 1258 ’

234 1306 329 1367 lorum
345 1308 577 1389 exaugurationes
593 1305 774 1364 admitterent
786 1327 869 1378 aves,
882 1307 909 1362 in

234 1385 365 1448 Termini
386 1387 453 1447 sano
470 1407 530 1446 non
547 1385 703 1445 addixere:
719 1385 749 1445 id
766 1407 851 1446 omen
865 1405 907 1443 au·
976 1415 980 1439 ·.

254 1470 402 1550 uriumque
416 1465 461 1529 ita
479 1483 627 1547 acceptum
646 1463 705 1537 est,
725 1487 785 1525 non
804 1482 907 1526 moram
977 1501 979 1516 ÷

234 1487 365 1609 iermini
375 1546 641 1627 sedem‚unumque
650 1565 716 1604 eum
727 1546 906 1606 deorumnon
974 1565 979 1594 ;

235 1646 388 1691 evocatum
406 1626 515 1687 sacratis
532 1624 583 1685 fibi
598 1624 719 1699 finibus,
736 1624 817 1686 firma
827 1625 906 1685 stabi·
976 1641 980 1672 2

235 1709 329 1791 liaque
345 1707 442 1768 cundia
454 1706 635 1788 portendere.
656 1704 724 1765 Hoc
744 1708 906 1788 perpetuita-

235 1791 271 1851 tis
292 1787 415 1870 auspicio
430 1803 547 1868 accepto
559 1831 568 1860 ,
579 1785 706 1846 secutum
718 1786 795 1847 aliud
806 1787 904 1868 magni-
978 1801 980 1806 “

234 1868 363 1929 tudinem
375 1869 487 1947 imperii
495 1867 669 1947 portendens
680 1868 840 1951 prodigium
849 1865 903 1927 est:
978 1883 980 1887 ’

234 1963 317 2028 caput
334 1947 487 2010 humanum
507 1948 618 2027 integri
630 1945 702 2007 facie
722 1947 903 2028 aperientibus
978 1962 979 1965 ’

234 2026 417 2091 fundamenta
428 2027 529 2107 templi
544 2027 646 2085 dicitur
659 2027 820 2108 apparuisse.
833 2026 903 2106 Qua

233 2104 293 2165 visa
310 2106 440 2189 species,
460 2106 536 2165 haud
559 2127 611 2187 per
634 2107 792 2188 ambages,
816 2126 903 2166 arcem

235 2207 299 2247 eam
316 2189 447 2269 imperii,
467 2203 608 2268 caputque
619 2207 713 2248 rerum
724 2185 787 2246 sore
800 2206 904 2268 ponen-

234 2267 320 2326 debat
330 2291 339 2342 ;
348 2268 434 2349 idque
451 2267 490 2329 ita
507 2270 635 2327 cecinere
649 2283 730 2325 vates
739 2311 754 2340 ‚,
767 2270 865 2349 quique
877 2268 903 2324 in

234 2346 304 2408 urbe
320 2365 415 2419 erant,
435 2342 561 2426 quosque
580 2345 696 2407 adeam
717 2368 779 2406 rem
800 2344 904 2407 consul-

232 2426 347 2487 eandam
356 2446 391 2485 ex
401 2424 511 2486 Etruria
520 2426 687 2487 acciverant.
698 2425 747 2486 Au
768 2426 861 2486 ebatur
871 2423 903 2484 ad

233 2503 371 2585 impensas
392 2505 466 2587 regis
491 2505 608 2565 animus.
635 2504 678 2567 lta
717 2448 902 2566 eibmerinae

232 2583 388 2659 manubiae,
398 2606 460 2665 quae
470 2584 654 2669 perducendo
663 2528 821 2649 adiulmen
829 2587 904 2668 operi

232 2662 375 2727 destinatae
394 2681 492 2737 erant,
510 2667 560 2725 vix
573 2667 602 2723 in
617 2664 800 2726 fundamenta
814 2664 903 2747 suppo

231 2743 900 2827 ditavere2ebmagisFabio,praeterquamqubd

229 2826 371 2912 antiquior
385 2823 447 2905 est,
473 2825 642 2889 crediderim
654 2890 658 2899 ,
669 2825 849 2913 quadraginta
873 2843 901 2888 ea
