1984 3600
238 219 461 296 linari
520 224 562 297 V.
671 231 739 329 483

35 326 190 418 reii'rque
208 360 229 397 a
246 338 290 419 Q.
307 338 438 403 Caedicio
454 338 639 422 centurione,
656 370 743 431 quern
759 356 857 396 Ε·

31 418 159 477 ,bimet
184 418 246 501 ipsi
268 421 475 503 praefecerant,
492 445 554 485 rem
566 423 607 486 ¹in
629 429 743 493 nollem
756 413 856 517 ,υὲξζὲξζ

31 496 219 561 ustinuere.
234 499 363 562 Tantum
374 525 425 585 par
438 502 565 565 Camillo
576 506 666 570 defuit
676 534 743 573 auc·

31 600 80 639 or
99 602 108 640 :
126 597 236 642 cetera
258 583 365 644 eodem
382 585 484 648 ordine
506 588 668 671 eodemque
686 593 745 654 fore

31 682 121 720 unae
138 678 259 723 eventu
280 663 356 747 gesta
373 685 381 724 t
398 668 466 747 quin
487 670 598 745 etiarn,
623 672 742 737 ducibus

31 745 196 824 captivis,
219 746 271 825 qui
283 746 355 805 caedi
368 745 511 808 noliumae
529 746 559 808 su
581 750 742 830 effaetam,

31 824 72 883 ad
89 825 187 884 aliam
202 845 325 886 manum
335 824 496 888 Tuscorum
507 829 543 889 ad
557 772 663 893 larinas
676 857 743 916 pro⁶

31 903 134 979 ieffl,
152 904 244 965 nolle
255 904 312 966 inse
334 909 412 966 uenti
426 927 463 967 ex
475 912 634 991 improviso
651 913 742 996 majo*

31 1006 108 1046 rem
125 986 246 1046 caedem
264 928 380 1047 edidere
403 1010 413 1063 ;
432 989 595 1074 duplicique
620 994 742 1060 vidiorii

32 1083 174 1131 ovantes
191 1065 287 1127 Veios
303 1069 433 1129 redeunt.

82 1145 324 1208 XLV1.R0mae
344 1151 457 1210 interim
474 1146 644 1238 plerumque
662 1151 740 1218 obfi-

35 1230 98 1290 dio
120 1227 151 1288 se
194 1230 238 1302 ‘s‚
253 1231 286 1292 δι
301 1232 444 1313 utrimque
456 1230 599 1294 silentium
612 1234 686 1310 esse,
700 1239 738 1300 ad

41 1311 76 1371 id
94 1327 212 1371 tantum
230 1312 346 1371 intentis
361 1309 519 1386 Gallis,ne
535 1318 598 1395 quis
612 1316 738 1379 hostium

43 1392 180 1454 evadere
199 1392 272 1451 inter
288 1390 421 1453 stationes
438 1389 531 1473 pollet
554 1416 564 1468 ς
585 1415 674 1476 quum
695 1420 739 1460 re·

43 1473 140 1554 pente
158 1469 272 1552 juvenis
289 1472 436 1533 Romanus
456 1473 643 1537 admiratione
659 1481 689 1537 in
708 1478 737 1542 se

47 1556 134 1614 cives
151 1550 300 1635 hostesque
312 1556 464 1614 convertit.
481 1553 658 1618 Sacrificium
676 1578 737 1622 erat

47 1633 157 1695 statum
173 1636 203 1693 in
224 1632 369 1713 Quirinali
381 1636 456 1695 colle
491 1639 551 1696 enti
565 1636 657 1698 Fabia
675 1662 682 1701 :
698 1641 735 1701 ad

49 1716 81 1775 id
103 1713 267 1775 faciendum
292 1714 329 1777 C.
351 1715 453 1776 Fabius
472 1657 573 1779 l)orso
585 1759 596 1791 ,
617 1718 736 1783 Gabino
764 1749 834 1792 nnn

50 1796 170 1868 emila,
194 1793 267 1856 sacra
288 1795 419 1857 manibus
441 1817 562 1879 gerens,
582 1822 672 1883 quum
697 1803 734 1865 de
747 1800 822 1850 ΜΦ·

53 1876 204 1961 Capitolio
212 1875 413 1952 descendillet,
424 1899 476 1959 per
489 1880 599 1940 medias
609 1881 734 1946 hostium

54 1958 190 2020 stationes
208 1956 349 2041 egressus,
368 1960 439 2019 nihil
456 1960 493 2019 ad
514 1983 620 2023 vocem
639 1963 734 2046 eujus-

55 2060 144 2121 quam
159 2057 333 2100 terroremve
361 2057 477 2114 motus,
495 2043 525 2100 in
549 2041 733 2122 Quirinalem

57 2122 163 2182 collem
190 2123 319 2202 pervenit
337 2141 347 2195 ;
364 2121 462 2202 ibique
485 2124 618 2182 omnihus
639 2124 734 2186 solen·

57 2205 132 2262 niter
154 2199 292 2283 peradis,
313 2201 417 2261 eidem
441 2219 588 2261 revertens
607 2201 734 2265 similiter

60 2282 193 2343 constanti
207 2282 286 2343 vultu
297 2283 457 2365 graduque,
466 2279 528 2340 satis
541 2280 653 2364 sperans
667 2307 735 2366 pro·

60 2366 145 2444 pitios
161 2360 212 2423 elle
227 2363 318 2435 deos,
333 2383 456 2444 quorum
475 2362 583 2423 cultum
599 2385 636 2424 ne
655 2387 734 2427 mor·

61 2447 94 2503 tis
109 2444 221 2527 quidem
235 2461 313 2503 meru
327 2443 487 2525 prohibitus
507 2442 688 2522 deseruisset,
702 2450 733 2508 in

63 2518 230 2606 Capitolium
249 2522 284 2582 ad
308 2522 373 2583 suos
399 2525 512 2600 rediit,
532 2524 584 2586 seu
605 2532 731 2590 attonitis

63 2602 152 2666 Gallis
177 2605 309 2665 miraculo
336 2605 486 2680 audaciae,
513 2605 560 2668 seu
590 2609 729 2693 religione
797 2632 806 2689 ·,

67 2689 146 2746 etiam
169 2686 270 2759 motis,
294 2682 373 2764 cujus
394 2685 613 2767 haudquaquam
638 2674 828 2772 negli-wss‘ff‘

67 2784 131 2845 gens
142 2764 180 2826 est
212 2786 267 2825 ens.
277 2762 360 2824 Veiis
377 2767 491 2826 interim
502 2787 561 2826 non
573 2769 659 2828 animi
669 2787 729 2831 ran·
737 2776 793 2859 iii
801 2788 843 2826 re.

71 2847 124 2915 vim
137 2850 165 2913 in
182 2785 257 2922 des,
271 2843 321 2931 sed
338 2846 424 2913 etiam
436 2849 513 2912 vires
535 2845 697 2912 crescebant
717 2837 833 2927 miliia

496 2919 565 3008 xij
