1984 3600
233 186 600 263 PRAEFATIO.
704 186 759 267 xlv

36 339 40 346 ·
62 296 97 375 dr.
120 302 230 404 Atque
251 309 326 380 adeo
346 308 399 380 tria
420 308 482 380 lunt
505 305 626 379 historici
644 308 758 419 officia..

58 402 433 598 lididffstilllddl
451 402 657 583 duilli
670 426 761 573 ild}

59 620 92 662 ex
117 593 227 667 iisdem
253 623 366 669 morum
391 596 633 669 informandorum
656 594 761 668 monita

59 688 270 791 &praecepta
292 691 446 765 narrationi
464 691 610 792 inlpergat.
635 698 703 765 Duo
725 691 763 764 ita

78 786 192 859 raestitit
213 787 332 872 livius,
350 812 381 859 ut
402 788 421 860 fi
442 787 529 861 minus
548 788 648 862 ceteris
666 787 764 861 omui-

57 811 116 955 lus
132 883 272 967 droendus
289 885 330 957 ell
366 884 516 983 raeripuille
530 886 668 983 palmam,
683 892 761 959 certe

64 977 142 1055 nulli
161 980 296 1053 secundus
313 912 410 1053 huleri
428 981 531 1078 polit:
552 1009 584 1054 ac
602 981 622 1053 li
637 981 762 1055 historia·

66 1100 135 1145 rum
154 1075 285 1175 scriptori
303 1077 440 1150 sufficeret
457 1076 525 1150 utile
537 1076 609 1149 dulci
626 1076 762 1160 miscere,

65 1169 170 1243 lrustra
191 1172 346 1270 quidquam
363 1173 513 1283 persertim
530 1197 714 1270 quaereretur.
730 1180 761 1246 ln

66 1265 127 1338 fide
150 1271 264 1366 paulum
281 1269 464 1353 claudtcavit,
484 1269 515 1343 δι
533 1269 643 1342 humaui
659 1270 694 1343 ali
716 1268 764 1342 uid

69 1362 166 1461 pallus
184 1366 243 1450 est,
266 1363 368 1438 sedita
389 1390 420 1439 ut
441 1367 550 1464 culpam
568 1367 649 1439 caula
672 1297 764 1464 culpe

71 1458 194 1532 elevare
234 1463 380 1560 letumque
399 1461 534 1537 videatur.

88 1616 95 1627 .
132 1560 193 1627 lam
207 1490 234 1628 li
242 1558 277 1628 al>
295 1586 378 1656 opere
393 1561 541 1631 admouet
558 1561 618 1653 eius
634 1556 764 1655 iudicium
779 1575 871 1664 petr-¹

79 1652 310 1739 transferamus,
334 1654 363 1728 dr
388 1684 441 1728 eor
465 1653 626 1752 exscriptis
649 1652 873 1738 aestima-'35⁸⁰'-

77 1774 161 1834 mus,
177 1775 208 1822 ut
226 1751 418 1824 lerdlolentii
437 1750 485 1850 qui
503 1750 624 1825 scribunt
640 1748 742 1861 aliquid
754 1725 871 1867 ,325—

75 1847 161 1919 auimi
177 1847 218 1920 sui
232 1848 353 1948 effigiem
366 1848 449 1921 etiam
468 1848 542 1921 aliud
560 1849 671 1948 agendo
690 1875 717 1919 ιιι
730 1846 762 1920 li·
772 1888 837 1945 m,
864 1856 872 1866 “

73 1942 133 2016 bris
158 1944 214 2017 luis
236 1945 417 2043 exprimere,
443 1944 569 2017 dubitare
589 1972 647 2017 uon
666 1945 765 2043 pollu-

73 2053 138 2116 mus
157 2095 168 2127 ,
189 2041 273 2139 quin·
287 2041 497 2134 candidiffimum
518 2040 544 2113 ei
567 2041 664 2139 pedus
684 2040 767 2114 luerit

73 2138 343 2235 amantiffinrumque
363 2136 478 2211 virtutis.
502 2143 570 2209 Eam
595 2138 641 2208 ille
663 2133 768 2234 ultique

73 2237 158 2324 tantis
174 2234 328 2319 laudibus,
345 2256 401 2305 tarn
417 2234 451 2306 ab
468 2233 545 2305 omui
561 2234 628 2305 luco
642 2230 673 2304 δι
688 2260 771 2312 meua

76 2331 147 2404 dacii
161 2334 242 2406 larva
261 2330 357 2410 alienis
374 2327 504 2415 extollit,
520 2352 551 2402 ut
568 2328 638 2401 iutra
652 2326 770 2401 otiolam
834 2357 838 2361 ·

77 2429 137 2524 eius
155 2427 374 2501 admirationem
393 2424 504 2498 minime
520 2425 617 2499 lletille
635 2424 770 2498 rideatur,

79 2524 151 2598 Scias
176 2549 247 2597 eum
274 2522 324 2620 qui
347 2520 476 2594 virtutem
497 2522 524 2594 in
547 2520 647 2597 ceteris
670 2519 771 2606 eximie
811 2574 813 2576 -

78 2622 193 2708 laudet,
212 2620 244 2693 in
266 2619 297 2692 se
317 2643 434 2718 quoque
454 2644 554 2695 amare.
