1984 3600
190 236 225 333 vj
312 214 398 307 ‘AD
422 232 746 307 LECTOREM.

192 355 266 425 dine
298 353 335 423 in
364 354 517 449 integmm
545 352 718 455 restitutis,
751 373 809 422 aut
839 350 882 422 in

186 449 323 544 fronte,
353 475 392 519 ne
415 452 494 542 quid
514 472 620 519 temere
644 446 848 547 offenderam
862 499 882 537 ‚

195 548 278 617 brevi
308 548 410 615 indice
439 546 559 617 reliffis.
594 544 763 615 Editiones
791 546 882 618 hanc

69 690 72 697 »
195 640 391 730 subsecutae,
412 642 512 738 plerae
559 666 578 712 e
596 643 768 729 Venetis,
790 666 883 736 quae·

193 739 277 810 'dam
294 738 416 810 Parifiis
446 765 510 832 apu
557 739 717 811 Joannem
739 738 885 808 Parvum

200 835 240 907 &
257 833 422 908 Jodocum
439 833 578 905 Badium
594 832 804 922 Ascenfium,
819 832 888 905 eas·
949 838 959 845 “

200 931 279 1003 dem
297 931 528 1002 annotationes
543 932 772 1024 repetivemnt.

249 1028 349 1099 Anno
367 1024 477 1124 1518,
492 1028 711 1097 memorabilis
725 1025 771 1096 est
786 1025 892 1098 editio

201 1124 422 1218 Moguntina,
441 1147 515 1217 quae
532 1124 637 1217 prima
653 1124 824 1211 omnium,
844 1148 889 1194 ex

202 1219 320 1292 'todice
329 1219 394 1289 iilic
404 1237 533 1313 reperto
539 1220 703 1306 ,exhibuit
711 1222 888 1291 maximam

202 1333 331 1412 partem
346 1316 417 1386 libri
428 1312 577 1410 trigefimi
591 1316 691 1404 tertii,
700 1317 756 1411 qui
766 1319 892 1412 integer

205 1431 301 1485 antea
310 1437 370 1507 pro
383 1411 553 1506 deperdito
566 1412 765 1500 habebatur,
775 1412 811 1483 ὅ(
820 1415 892 1509 per-

205 1527 273 1579 tem
284 1510 432 1581 ultimam
442 1509 516 1580 libri
527 1507 767 1604 quadragefimi.
774 1510 893 1601 Quum

206 1624 317 1687 autem
330 1603 437 1677 codex
448 1606 522 1695 isse,
533 1607 682 1677 omnium
692 1604 787 1699 hujus
799 1604 894 1677 deca·

202 1700 258 1774 'tiis
268 1700 550 1799 prestantiffimus‚
559 1704 614 1797 qui
623 1720 747 1796 partem
760 1703 830 1773 libri
844 1703 896 1772 tri·

209 1799 320 1896 gefimi
332 1801 431 1886 tertii,
442 1797 479 1869 &
490 1799 590 1884 libros
598 1796 765 1891 sequentes
773 1852 784 1887 ,
792 1800 895 1895 usque

209 1895 253 1966 ad
260 1895 361 1967 finem
369 1895 440 1964 libri
448 1892 680 1990 quadragesimi
690 1896 893 1983 continebat,

209 1988 323 2090 paffim
335 2018 354 2063 a
364 1989 496 2155 vulPata
507 1993 651 2085 priorum
661 1991 841 2064 editionum
851 1996 896 2064 le-

204 2089 321 2159 ·&ione
331 2087 420 2160 diver
432 2112 474 2158 us
480 2089 601 2175 abiret,
612 2089 768 2160 Nicolaus
775 2089 897 2161 Carba-

211 2186 301 2256 chius
318 2209 395 2254 eum
410 2181 545 2279 dignum
560 2183 774 2274 existimavit,
795 2212 895 2282 quem

211 2307 287 2353 cum
308 2283 389 2354 olim
411 2279 532 2352 excufis
554 2280 741 2369 conferret,
763 2283 896 2379 ejusque

181 2369 184 2378 ’
212 2397 379 2472 excerptas
389 2379 548 2446 variantes
563 2380 636 2446 huic
656 2377 790 2448 editioni
800 2377 897 2474 subji-

213 2494 325 2552 cenet:
343 2495 409 2570 quo
423 2471 512 2544 fauo
527 2472 650 2568 optime
665 2473 705 2543 de
718 2471 813 2545 Livio
829 2503 900 2547 me-

115 2601 120 2608 ·
214 2571 291 2641 nitus
308 2566 379 2664 est,
397 2590 494 2666 atque
512 2573 599 2640 hunc
616 2570 798 2642 tnesaurum
814 2624 826 2660 ,
842 2592 902 2645 aut

215 2666 329 2736 saltem
348 2665 442 2761 ipsuis
464 2685 591 2760 partem
613 2668 707 2737 nobis
729 2667 900 2758 servavit,

216 2767 272 2857 qui
288 2782 394 2833 utrum
411 2761 511 2834 hodie
531 2761 684 2858 superfit,
703 2783 757 2837 aut
777 2765 832 2837 ubi
847 2767 900 2838 la·

213 2878 306 2950 teat,
325 2862 483 2936 incertum
503 2856 560 2937 est.
