1984 3600
235 190 461 262 Lrnen
523 186 593 264 II.
692 206 758 285 ¹¹9

44 305 119 370 dum
141 308 294 448 Kroelium
313 305 496 389 armis‚ipso
513 304 652 366 miraculo
671 295 870 404 aude-0³²³

44 393 97 448 ciae
119 412 143 450 o
169 386 332 470 stupefecit
350 386 450 456 hostes
467 408 481 456 t,
497 387 572 447 duos
583 403 679 446 tamen
690 409 756 449 cum
768 361 867 464 ,312ssss
918 455 922 466 ,

45 490 82 530 eo
103 470 219 551 pudor
237 471 351 544 tenuit,
367 466 417 550 Sp.
436 467 564 529 Lartium
579 488 612 528 ac
626 464 664 528 T.
679 466 756 529 Her·
985 455 986 520 i

44 552 209 624 minium,
231 548 336 612 ambos
360 550 452 610 claros
496 567 582 609 enere
611 545 754 632 factisque.

47 629 130 693 Cum
149 633 206 691 his
226 633 353 712 primam
377 569 499 712 perimi
517 628 697 712 procellam,
721 632 755 694 δι
985 647 986 656 ’

46 708 435 793 quodtumultuosrffimum
443 727 756 793 pugnaeerat,parurn-
984 681 986 730 d

48 814 104 874 per
122 791 291 853 sustinuit:
310 790 417 852 deinde
443 812 494 851 eos
516 811 633 874 quoque
656 789 754 873 ipsos,

50 874 170 955 exigui
189 890 273 955 parte
294 875 393 953 pontis
418 870 534 947 relitiri,
552 871 754 932 revocantibus

76 955 110 1011 ui
135 951 357 1027 rescindebant,
372 952 474 1013 cedere
491 955 522 1011 in
538 969 631 1012 rutum
649 957 702 1013 coe
723 955 754 1015 it.

54 974 285 1093 Zircunrferens
301 1033 370 1093 inde
383 1051 475 1094 truces
490 1035 638 1094 minaciter
653 973 754 1094 ocudos

57 1113 97 1180 ed
108 1135 253 1196 proceres
264 1112 462 1186 Etruscorum,
470 1135 546 1174 nunc
554 1111 678 1196 srngulos
689 1136 755 1196 pro·

56 1214 192 1270 vocare,
206 1216 284 1255 nunc
295 1197 440 1277 increpare
456 1216 572 1267 omnes,
588 1198 707 1255 Servitia
717 1217 756 1278 re·

56 1297 125 1358 gum
135 1276 336 1357 superborum,
346 1277 404 1355 surr
418 1277 548 1336 libertatis
567 1278 727 1335 immemores
745 1319 757 1349 ,

58 1359 189 1418 alienam
214 1379 248 1437 op
267 1374 395 1439 ugriarum
419 1358 514 1417 venire.
541 1354 672 1417 Cundirti
703 1356 757 1415 ali·

59 1438 215 1518 quamdiu
241 1454 314 1511 unt,
328 1438 397 1497 dum
415 1437 484 1497 alius
505 1436 614 1509 alium,
634 1452 666 1495 ut
684 1456 757 1515 proe·

60 1516 146 1577 lium
155 1516 445 1597 incipiant,circums
460 1515 759 1597 etiamrpudordein-

65 1596 110 1657 de
131 1599 296 1657 commovit
308 1602 412 1673 aciem,
430 1540 481 1669 d,
492 1598 619 1657 clamore
633 1594 759 1669 sublato,

65 1677 208 1759 undique
222 1678 251 1736 in
271 1699 355 1742 unum
374 1677 488 1740 hostem
513 1677 570 1736 tela
592 1673 758 1755 conjiciunt.

68 1756 154 1838 Quae
171 1761 300 1841 quumin
314 1758 431 1841 objetio
450 1756 551 1820 cunda
569 1754 647 1817 scuto
665 1753 759 1816 haesrs·

66 1838 156 1914 sent,
174 1858 268 1922 neque
285 1840 333 1901 ille
353 1843 446 1901 minus
470 1837 627 1900 obstinatus
649 1839 757 1921 ingenti

66 1938 194 2003 pontem
212 1921 356 1982 obtineret
373 1921 484 2004 gradu,
504 1919 563 2002 jam
580 1921 690 2058 ἱιηίρεῐιι
709 1940 759 1980 co-

66 2002 211 2063 nabantur
222 2002 376 2062 detrudere
385 2003 481 2061 virum
489 2022 501 2074 ;
511 2021 601 2082 quum
623 1999 694 2059 unul
704 1998 758 2059 fre-

67 2102 125 2164 gor
143 2085 223 2164 rupti
243 2085 360 2177 pontis,
377 2080 460 2146 sunul
483 2080 592 2141 clamor
611 2079 759 2140 Romano·

67 2184 154 2238 turn,
166 2165 311 2224 alacritate
318 2161 438 2245 perfedi
447 2163 544 2242 operis
558 2159 698 2232 sublatus,
730 2182 759 2219 a·

67 2265 146 2304 vore
163 2243 258 2305 subito
278 2246 421 2327 impeturn
442 2240 578 2302 sustinuit.
597 2239 677 2299 Tum
695 2182 759 2301 do·

68 2323 151 2399 cles,
167 2327 288 2386 Tiberine
294 2343 389 2405 pater,
403 2325 511 2405 inquit,
523 2341 548 2382 te
553 2319 644 2400 saniir
649 2343 759 2401 precor,

69 2407 128 2464 Irae
147 2428 225 2465 arma
240 2407 271 2466 θ’
288 2408 361 2466 hunc
384 2405 495 2466 militem
509 2405 627 2543 pulrpitio
642 2405 759 2482 flumine

68 2488 206 2566 accipias.
222 2485 266 2545 Ita
286 2483 326 2544 fic
348 2503 468 2545 armatus
489 2486 520 2542 in
568 2483 669 2543 iberim
685 2482 760 2543 defi-

69 2566 126 2626 luit
143 2589 154 2640 ;
170 2565 272 2627 multis
309 2563 615 2646 esuperincidentibus
632 2563 695 2623 telis
715 2566 762 2622 in-

70 2648 199 2707 columis
217 2647 255 2706 ad
284 2667 339 2707 uos
356 2647 495 2718 tranavit,
512 2665 574 2704 rem
594 2642 674 2703 ausus
717 2643 762 2703 lus

70 2725 159 2789 famae
174 2727 337 2789 habituram
359 2726 396 2787 ad
413 2723 562 2807 posteros,
579 2724 666 2806 quim
704 2723 762 2784 dei.

70 2805 166 2870 Grata
185 2828 255 2892 erga
269 2823 378 2871 tantun
399 2810 534 2874 virtutem
557 2806 656 2869 civitas
685 2802 762 2867 fuit:
