1984 3600
209 238 461 312 Libri
521 233 560 311 V.
671 234 743 337 489

40 348 184 436 ›nspeiiu
204 347 372 418 babentes
386 358 451 418 fana
468 355 574 431 deun,
595 356 628 419 &
645 348 746 440 conju·
757 378 855 411 ιιι-ι·

40 448 91 504 es,
113 438 151 498 &
167 436 325 514 liberos,
345 443 378 501 &
390 438 484 499 solum
502 441 598 521 patriae
614 436 745 499 deforme
757 436 855 536 ξξξξζ·

40 515 92 573 elli
111 519 240 593 malis,
262 521 303 581 &
326 522 426 580 omnia
442 541 506 601 quae
526 518 642 579 defendi
665 540 747 601 repe-

40 615 103 674 vque
135 601 175 660 &
208 598 333 691 ulcisci
356 599 398 660 fas
427 599 470 660 sit.
502 598 615 660 Instruit
640 600 745 661 deinde

42 676 145 751 ciem,
167 696 206 738 ut
227 680 301 741 loci
333 693 430 741 natura
453 680 632 764 patiebatur,
658 683 686 740 in
708 680 746 741 se·

40 756 144 816 nirutae
163 758 240 821 solo
256 761 365 835 urbis,
383 762 415 821 &
432 761 530 820 naturi
543 763 597 821 inae
619 761 674 821 uali
689 763 745 835 3&

40 840 152 913 >mnia‚
172 862 250 922 quae
275 853 342 902 ‘arte
365 841 434 902 belli
461 840 582 902 secunda
599 783 657 901 tliris
679 843 746 925 eligi

40 924 242 997 rraepararive
257 940 418 1005 poterant,
429 922 567 1004 providit.
578 919 656 982 Galli
667 925 746 984 novi
783 934 849 975 Vmcft

40 1013 65 1053 re
75 1001 192 1080 trepidi
203 1025 298 1064 arma
311 1007 441 1086 capiunt,
452 1005 550 1084 itique
561 1025 607 1063 ma
628 1005 650 1063 's
660 1003 746 1085 quim
757 983 837 1025 ‘hum'

40 1078 163 1141 confilio
190 1086 225 1141 in
249 1084 410 1145 Romanos
424 1086 578 1145 incurrunt.
600 1024 663 1146 Em
682 1106 749 1147 ver-

40 1169 111 1219 terat
132 1161 266 1224 fortuna
288 1163 370 1245 3jam
387 1164 508 1224 deorum
522 1180 594 1246 opes
617 1166 749 1227 humana·

47 1253 102 1329 que
121 1241 252 1304 consilia
275 1266 342 1306 rem
364 1245 524 1306 Romanam
547 1244 752 1325 adjuvabanta

46 1320 132 1397 lgitur
156 1327 265 1405 primo
290 1325 429 1385 concursu
456 1325 532 1384 haud
554 1323 663 1384 ma'ore
683 1348 750 1386 mo-

50 1413 150 1462 mento
167 1403 228 1465 fusi
247 1405 334 1465 Galli
345 1404 425 1479 sunt,
441 1405 527 1487 quim
538 1406 574 1463 ad
617 1405 695 1464 lliam
709 1411 751 1467 viu

54 1497 159 1543 ceram.
179 1485 314 1547 Iustiore
339 1487 429 1546 altero
454 1485 558 1545 deinde
582 1488 686 1566 proelio
713 1487 751 1547 ad

56 1558 193 1625 ollarum
218 1568 353 1650 lapidem
368 1563 483 1626 Gabina
497 1566 567 1640 via,
584 1568 643 1648 quo
664 1566 693 1626 se
714 1588 750 1627 ex

58 1636 123 1721 fuga
138 1649 350 1721 contulerant,
364 1646 492 1727 ejusdem
510 1646 595 1706 duiiu
611 1646 751 1729 auspicio-

59 1740 114 1801 que
132 1724 260 1790 Camilli
283 1731 445 1789 vincuntur.
467 1726 511 1787 Ibi
535 1728 627 1795 caedes
654 1732 751 1789 omnia

63 1801 185 1868 obtinuit
204 1833 212 1870 ε
235 1809 329 1870 castra
342 1812 509 1890 capiuntur,
531 1811 563 1870 &
583 1830 619 1869 ne
636 1813 750 1870 nuntius

63 1886 179 1964 quidem
199 1891 294 1951 cladis
320 1889 442 1950 reliilus.
464 1888 615 1962 Bistam,
635 1910 751 1972 recupe-

64 1966 122 2024 nn
140 1988 177 2029 err
192 1969 327 2032 hollibus
346 1970 454 2053 patrii,
469 1972 555 2029 trium
575 1970 644 2028 hans
662 1973 691 2028 in
702 1988 752 2031 ur*
780 1971 782 1978 '

70 2041 134 2105 bem
154 2053 232 2112 redit
251 2074 260 2126 ;
274 2054 404 2133 interque
420 2048 502 2128 jocos
514 1992 665 2124 militares,
677 2072 751 2133 quos

70 2124 233 2210 inconditos
254 2131 376 2213 jaciunt,
388 2131 529 2190 Romulus
549 2152 580 2189 ac
593 2151 694 2212 parens
705 2154 753 2213 pa·¹

73 2209 129 2266 tr'tae
138 2215 331 2294 conditorque
345 2213 414 2271 alter
423 2210 500 2269 urbis
512 2211 587 2268 haud
597 2213 677 2270 vanis
691 2211 752 2269 lau·-
828 2243 831 2249 ν

75 2285 153 2350 dibus
162 2294 331 2377 appellatur.
340 2291 486 2352 Servatam
497 2289 601 2348 deinde
615 2289 693 2349 bello
703 2312 753 2372 pa-¹

74 2370 153 2431 triam
167 2376 273 2435 iterum
286 2377 313 2432 in
330 2393 400 2454 pace
412 2371 488 2431 haud
505 2370 591 2429 dubie
609 2368 752 2444 servavit,

80 2462 163 2528 quum
175 2455 323 2536 prohibuit
339 2455 451 2536 migrari
458 2451 569 2527 Veios,
586 2454 618 2512 &
630 2454 753 2515 tribunis

78 2547 136 2591 rem
150 2536 285 2596 intentius
303 2535 449 2628 agentibus
462 2532 526 2615 post
547 2532 688 2594 incensam
706 2556 754 2594 ur*

79 2606 159 2687 bem,
173 2617 205 2676 &
219 2637 271 2698 per
286 2614 314 2674 se
327 2614 460 2674 inclinati
468 2616 557 2696 magis
572 2615 657 2695 plebe
669 2614 705 2674 ad
721 2615 755 2673 id

82 2692 224 2756 confilium
237 2719 246 2770 3
259 2716 348 2776 eaque
359 2694 438 2754 causa
447 2694 500 2752 fuit
515 2716 574 2752 non
586 2695 752 2753 abdicandae

81 2771 754 2858 postmumphumdielamtae‚senatuobsecrante,

85 2864 119 2914 ne
124 2857 326 2941 rempublicam
334 2858 364 2917 in
375 2858 485 2918 incerto
492 2853 666 2993 rel'yrgrqueret
672 2853 758 2927 stam(

575 2953 597 2997 v,
