1984 3600
264 211 312 285 94
460 189 753 260 T.L1V11

262 304 382 367 mellico
399 309 547 365 exterritus
569 303 650 377 visu,
666 305 800 387 Delphos
830 299 868 365 ad
887 323 942 365 ma*

263 387 339 446 xime
358 386 503 467 inclytum
520 388 549 443 in
568 388 648 444 terris
669 387 816 445 oraculum
835 388 939 466 mittere

264 465 383 540 statuit;
409 488 502 549 neque
524 464 571 525 res
587 465 655 525 onsa
680 465 797 526 sortium
824 467 877 526 ulli
899 464 940 525 alii

263 550 442 607 committere
451 545 550 620 ausus,
559 489 632 605 ‹luos
641 544 715 606 filios
728 569 781 629 per
790 545 939 630 ignotasel

262 626 430 710 tempestate
442 645 547 699 terras,
558 628 698 709 ignotiora
706 649 812 701 marra,
826 629 857 687 in
868 625 939 687 Grae·

266 710 339 769 ciam
354 706 437 767 misit.
448 706 533 767 Titus
543 709 575 767 &
585 706 680 768 Aruns
696 706 838 789 proferri:
850 726 938 766 comes

156 777 181 821 ²·
188 779 254 822 ''¹³²¹‘'
266 788 309 847 his
322 788 432 848 additus
443 787 476 848 L.
490 788 589 848 Junius
600 785 701 847 Brutus
712 832 722 862 ‚
733 786 893 869 Tarquinii
901 785 937 845 so·

155 832 234 871 Brutus.

266 889 331 928 rore
342 870 416 968 regis
428 885 527 957 namq,
544 866 657 946 juvenis
676 867 762 949 longe
783 870 855 927 alius
867 871 936 948 inge-

265 950 315 1007 nio
332 992 342 1021 ‚
361 970 447 1030 quam
471 969 551 1027 culus
578 945 789 1008 simulationem
807 947 934 1007 induerat
970 997 971 1000 ,

265 1026 313 1100 Is,
326 1048 414 1110 quum
429 1030 569 1109 primores
581 1030 719 1102 civitatis,
736 1031 766 1087 in
778 1029 882 1110 quibus
890 1026 935 1084 fra·

197 1171 200 1174 ,
264 1124 338 1166 trem
354 1106 435 1166 suum
455 1107 490 1166 ab
506 1107 646 1168 avunculo
666 1103 936 1168 interfeilumaudil·

264 1186 325 1261 set,
341 1208 435 1270 neque
458 1190 487 1247 in
512 1190 608 1249 animo
628 1187 679 1249 suo
708 1189 866 1271 quidquam
884 1186 933 1266 regi

263 1268 443 1342 timendum,
462 1289 556 1350 neque
573 1271 603 1327 in
614 1267 728 1328 fortuna
745 1266 933 1352 concupiscen-

265 1348 334 1407 dum
351 1349 512 1430 relinquere
526 1347 619 1408 statuit
636 1371 646 1422 ;
660 1365 883 1432 contemptuque
898 1364 932 1405 tu·
970 1349 971 1420 l

265 1446 309 1487 tus
327 1427 403 1503 effe,
424 1429 474 1489 ubi
492 1431 521 1487 in
536 1427 598 1508 jure
633 1450 714 1488 arum
735 1424 932 1511 praefidiiellet
970 1425 971 1490 l

265 1508 304 1569 Er
323 1532 342 1568 o
367 1528 403 1570 ex
424 1507 557 1567 industria
582 1452 668 1567 safris
693 1510 729 1567 ad
757 1511 932 1570 imitationem

266 1529 408 1664 stultitiae,
422 1611 511 1672 quum
527 1587 555 1647 se
571 1586 674 1670 suaque
690 1590 796 1670 praedae
812 1587 865 1651 elle
882 1585 931 1666 regi

266 1669 382 1744 linotet,
400 1668 480 1730 Bruti
499 1690 614 1760 quoque
634 1669 710 1728 haud
726 1669 824 1729 abnuit
837 1686 932 1749 cogno-

266 1771 334 1811 men
351 1771 360 1825 3
377 1767 408 1810 ut
428 1749 477 1809 sub
498 1770 559 1829 ejus
572 1749 692 1810 obtentu
708 1750 884 1833 cognominis
903 1744 930 1804 l·

266 1831 380 1890 beraror
397 1830 445 1888 ille
462 1828 564 1912 populi
584 1829 708 1890 Romani
727 1834 838 1892 animus
854 1832 929 1890 lateus

266 1912 443 1991 opperiretur
460 1928 591 1990 tempora
608 1909 664 1970 sua.
683 1909 711 1970 Is
731 1929 794 1970 tum
813 1913 848 1972 ab
870 1906 929 1967 Tar*
968 1910 970 2025 q

266 1992 369 2071 quiniis
380 1988 478 2049 dubius
494 1989 649 2071 Delphos,
663 1990 818 2055 ludibrium
830 1989 929 2056 verius,
969 2032 970 2059 ἒ

969 1163 971 1212 l

266 2070 353 2152 quim
371 2091 489 2144 comes,
508 2090 624 2130 aureum
638 2069 792 2146 baculum,
807 2066 930 2131 inclusum

268 2171 375 2212 corneo
392 2168 492 2211 cavato
506 2150 542 2209 ad
558 2151 588 2209 id
603 2148 723 2225 baculo,
735 2151 826 2212 tulille
837 2152 930 2211 donum

267 2227 399 2312 Apollini
416 2231 536 2304 dicitur,
547 2252 599 2311 per
616 2227 930 2314 ambageseffigiemin‘

287 2314 343 2370 enii
355 2310 404 2371 sui.
425 2310 499 2389 Quo
519 2306 669 2391 postquam
679 2329 800 2371 ventum
814 2311 867 2383 est,
880 2324 928 2388 per·
967 2316 969 2385 J

189 2445 193 2451 .
266 2331 346 2449 ienis
362 2391 448 2471 patris
470 2389 625 2462 mandatis,
642 2392 748 2472 cupido
766 2389 872 2452 inceffit
885 2384 930 2444 ani¹

215 2521 218 2524 ,
267 2489 331 2527 mos
349 2466 488 2549 juvenum
503 2467 676 2544 sciscitandi,
694 2472 730 2531 ad
742 2494 829 2555 quem
844 2481 928 2530 eorum
968 2512 969 2553 q

266 2568 386 2631 regnum
407 2547 571 2608 Romanum
587 2548 655 2610 ellet
665 2570 826 2612 venturum.
844 2550 884 2611 Ex
896 2546 929 2601 in·

268 2627 339 2689 fimo
355 2627 372 2686 s
388 2649 439 2689 eru
450 2650 557 2690 vocem
572 2626 713 2690 redditam
729 2630 929 2707 ferunt31mpe

268 2712 335 2769 rium
351 2651 484 2788 iimmum
509 2714 601 2771 Roma
622 2713 747 2784 habebit,
770 2715 816 2793 qui
835 2703 928 2793 vestrl?

265 2792 367 2872 primus
377 2835 389 2864 ,
414 2813 430 2852 o
447 2789 586 2872 juvenes,
607 2789 723 2869 osculum
747 2795 826 2855 matri
847 2787 929 2852 rulcffl·
968 2818 969 2877 }
