1984 3600
224 201 276 271 oo
411 202 461 272 7Τ.
492 203 720 282 *Lim
839 293 841 298 Α
908 291 914 300 .
970 193 972 298 l

121 320 217 411 ‹ri‘lim
229 316 288 375 citu
303 327 384 378 novo
397 314 557 400 conscripto
568 311 923 413 prosellus‚l’olitorium

121 388 175 462 uati.
196 388 332 460 ‘'urbem
357 396 522 472 Latinomm
552 400 717 481 vrcepit3
744 396 920 479 secutusque
971 403 973 472 ἢ

230 497 344 540 morem
362 498 461 561 regum
478 479 628 560 priorum,
646 479 696 562 qui
716 496 780 538 rem
798 475 921 538 Romass

225 578 298 618 nam
315 575 448 620 auxerant
467 555 596 619 hostibus
612 560 642 618 in
671 560 819 620 civitatem
838 558 921 617 acci·

230 639 362 719 tuendis,
374 639 584 700 multitudinem
593 659 713 700 omnem
719 637 850 699 Romam
862 654 920 697 tra*

222 718 334 794 ·cluxit;
351 722 384 781 bc
403 740 490 802 quum
505 721 579 779 circa
595 719 731 779 Palatium
747 717 851 778 sedem
865 738 919 779 ve·

229 814 305 860 teres
317 799 462 873 Romani,
477 797 573 859 Sabini
586 798 629 860 ca
650 799 763 860 itolium
774 815 866 879 atque
876 819 917 857 ar·

231 900 314 954 cent,
325 877 453 940 Coelium
468 896 601 939 montem
621 946 625 953 .
646 880 723 959 lbani
732 876 915 960 implessent3

121 961 218 1048 mam}
231 957 410 1020 Aventinum
425 979 510 1020 novae
528 959 702 1020 multitudini
717 960 815 1018 datum
836 980 845 1019 ε
864 958 918 1018 ad·
974 993 975 1000 κ

199 1081 206 1096 .
231 1040 283 1099 diti
298 1038 404 1100 eodem
420 1039 495 1099 haud
511 1039 550 1099 ita
565 1041 657 1101 multb
674 1038 760 1121 post,
778 1037 915 1100 Tellenis

229 1118 388 1201 Ficanaque
406 1121 521 1202 captis,
540 1122 612 1181 novi
636 1121 724 1180 cives»
739 1119 914 1181 Politorium

228 1200 296 1260 inde
311 1197 402 1261 rursus
418 1200 497 1260 bello
508 1220 538 1260 re
560 1203 679 1275 cutum,
695 1199 776 1282 quod
784 1218 911 1262 vacuum

227 1296 420 1363 ocupaverant
436 1280 520 1363 prisci
580 1283 632 1341 tini
643 1304 652 1355 ;
662 1300 753 1361 eaque
770 1280 857 1341 causa
867 1280 914 1339 di·

215 1361 342 1428 rruendae
352 1360 430 1423 urbis
439 1359 501 1443 ejus
509 1359 562 1422 fuit
571 1360 771 1436 Romanis‚ne
780 1360 909 1422 bostium

225 1439 340 1524 semper
351 1441 561 1525 receptaculum
578 1440 655 1503 esset.
664 1439 815 1503 Postremo
829 1441 911 1503 omni

225 1522 306 1584 bello
334 1521 436 1584 Latino
463 1521 634 1584 Medulliam
656 1521 834 1604 compulso,
858 1522 913 1581 ali-

227 1603 364 1685 quamdiu
379 1604 419 1665 ibi
436 1602 531 1663 Mane
550 1606 677 1676 incerto,
691 1603 771 1664 varia
786 1602 910 1665 vislorii

225 1702 383 1768 pugnatum
400 1682 441 1745 est
457 1695 547 1744 :narn
562 1685 595 1745 δι
611 1684 679 1744 urbs
693 1698 753 1743 tuta
773 1684 911 1744 munitio-

226 1766 327 1840 nibus,
336 1761 645 1846 praesidioquesirmata
652 1762 750 1826 valido
764 1782 846 1840 erat,
857 1765 907 1839 δι,

226 1844 322 1905 castris
338 1847 368 1903 in
391 1861 493 1926 aperto
512 1842 629 1938 posuis,
648 1845 800 1928 aliquoties
825 1866 909 1907 exer-

227 1927 299 1985 citus
316 1924 431 1985 Latinus
445 1945 575 1985 comanus
591 1946 657 1986 cum
675 1925 814 1986 Romanis
832 1925 908 2010 signa

226 2005 391 2066 contulerat.
418 2003 468 2065 Ad
493 2005 627 2066 ultimum
652 2007 786 2066 omnibus
814 2009 907 2089 copiis

226 2085 357 2146 connisus
367 2084 486 2161 Ancus3
502 2087 562 2147 acie
579 2088 702 2169 primum
718 2087 827 2148 vincit:
842 2087 908 2148 inde

140 2210 145 2220 .
225 2167 334 2249 ingenti
348 2166 445 2248 praedi
456 2169 585 2248 potitus,
599 2167 725 2227 Romam
739 2167 831 2242 redit,
846 2186 906 2228 tum

225 2267 343 2330 quoque
357 2247 454 2307 multis
470 2248 595 2307 millibus
611 2247 776 2306 Latinorum
789 2250 820 2306 in
834 2250 907 2308 civi-

225 2343 314 2388 tatem
334 2330 457 2409 acceptis
471 2350 481 2401 ;
498 2328 620 2407 quibus,
633 2343 666 2386 ut
681 2324 729 2405 jun
751 2346 847 2388 eretur
858 2328 907 2394 Pa·

225 2407 294 2468 latio
311 2406 508 2480 Aventinum,
525 2407 560 2465 ad
581 2407 704 2466 Murciae
723 2348 797 2467 sata
815 2407 904 2469 sedes.

116 2485 213 2576 ffijl·
225 2485 383 2549 Ianiculum
401 2507 517 2568 quoque
540 2484 704 2566 adustum,
724 2509 784 2548 non
807 2491 859 2550 ino
880 2488 906 2546 ia

116 2582 204 2630 tantum-
222 2568 303 2641 loti,
322 2564 371 2625 sed
385 2587 425 2626 ne
439 2566 554 2649 quando
572 2588 605 2627 ea
619 2588 668 2626 arx
685 2567 838 2630 bostiume
860 2586 906 2628 et:

116 2643 164 2725 ’Ψ
225 2648 255 2706 id
272 2667 331 2707 non
349 2668 433 2708 muro
452 2645 563 2722 solium,
577 2647 627 2708 sed
645 2649 747 2721 etiarn,
768 2650 808 2708 ob
829 2670 906 2710 com·

113 2728 115 2731 ’
209 2727 391 2795 ,moditatem
417 2730 547 2802 itineris,
566 2745 659 2873 gome
678 2727 822 2803 sublicio,
843 2747 905 2789 tum

204 2810 347 2894 ‚primum
365 2811 396 2873 in
416 2808 549 2875 Tiberim
595 2808 664 2885 sio,
683 2807 818 2894 conjungi
833 2808 906 2874 urbi
