1984 3600
193 231 419 317 Lt'a'nn
474 245 556 316 IV.
649 263 720 344 357

38 371 98 419 tore
108 404 118 434 ‚
129 358 312 422 conferendo
324 363 401 423 vires
415 360 493 444 spem
508 359 645 422 universae
657 365 722 423 vic·
734 357 832 421 ==i

42 442 137 515 totiae,
163 455 279 501 tentato
306 442 440 523 paulatim
462 459 567 503 eventu
594 445 723 503 certami-
736 444 833 532 ⁰3³²&

46 531 125 596 num,
135 520 204 581 suos
215 524 386 612 praecipere.
402 522 500 603 Itaque
519 521 633 596 hostes,
645 524 723 584 nulla
736 504 828 591 a'opii

49 600 76 655 in
93 602 194 680 proelio
214 601 295 681 Justo
317 601 415 662 relifflt
433 601 503 684 spe,
526 603 612 663 notin
631 604 723 664 adorti
737 601 820 677 {2¹:¹30

48 677 125 740 castra
150 682 303 756 consulis,
329 703 391 741 rem
419 683 448 741 in
477 680 570 742 casum
593 685 724 766 ancipitis
738 637 807 740 cni«.

47 761 159 821 eventis
175 765 373 823 committunt
385 760 505 823 Clamor
521 761 612 823 subitb
626 782 725 843 ottus,

47 859 101 899 non
110 842 238 902 consulis
249 843 340 902 modi)
354 844 454 925 vigiles
464 885 473 917 ‚
482 847 637 903 exercitum
649 845 729 903 dein·

49 919 83 979 'de
92 942 230 997 omnem,
241 922 291 982 sed
302 922 467 982 ditiatotem
479 943 595 1005 quoque
607 945 642 983 ex
653 923 729 985 som-

51 1017 88 1059 no
102 1006 219 1064 excivit.
242 1002 303 1063 Ubi
320 1001 449 1085 praesenti
461 1023 519 1085 ope
531 1024 575 1063 res
592 1004 731 1086 egebant,

54 1081 142 1141 tonsul
162 1105 221 1143 nec
239 1086 337 1154 animo
360 1082 485 1156 defecit,
505 1103 558 1143 nec
581 1083 699 1145 confilio
721 1105 730 1146 t

55 1182 111 1241 pars
124 1157 255 1223 miliffim
275 1179 419 1245 portarum
442 1162 575 1223 stationes
598 1163 729 1241 firmant,

54 1262 112 1323 pars
121 1245 234 1304 corona
252 1244 360 1304 vallum
369 1246 494 1325 cingunt.
505 1242 539 1303 In
551 1244 644 1305 alteris
656 1245 732 1328 apud

57 1320 220 1385 dietatorem
231 1322 659 1405 castris,qubmini1stumulti1s
672 1324 732 1400 est,

55 1402 90 1461 eb
120 1404 162 1464 lus
174 1404 427 1478 animadvertitur,
440 1404 509 1483 quid
520 1425 592 1484 opus
600 1401 671 1464 fatto
681 1404 734 1465 fitz

60 1425 134 1543 nitio
152 1502 254 1545 extem
275 1484 305 1545 lo
322 1485 358 1543 ad
373 1482 608 1558 castrasubfidio‚
625 1487 670 1544 cui
684 1483 735 1568 Sp.

63 1560 218 1624 Postumius
241 1507 335 1625 kilbus
358 1565 464 1646 legatus
482 1562 654 1648 praeficitur,
675 1563 736 1646 ipse

58 1661 135 1724 parte
153 1647 307 1727 copiarum
344 1666 413 1705 arvo
431 1647 547 1704 circuitu
561 1644 658 1705 locum
679 1666 738 1702 ma·
827 1691 829 1694 ,

65 1726 134 1784 xime
148 1724 294 1785 secretum
312 1666 483 1785 aittumulnt
500 1726 593 1806 petit,
607 1724 683 1783 unde
703 1743 741 1783 ex

66 1809 236 1890 necopinato
243 1804 490 1868 aversumhostem
499 1805 622 1866 invadat.
631 1803 674 1883 Q
682 1802 742 1864 Sul·

86 1888 169 1947 icium
183 1889 311 1970 legatum
325 1884 445 1967 praeficit
461 1884 575 1945 tastris:
591 1884 635 1945 M.
652 1885 742 1947 Fabio

67 1907 158 2049 iegato
170 1966 288 2050 affignat
295 1969 405 2047 equites
415 2009 425 2038 ‚
434 1986 487 2024 nec
498 1982 563 2024 ante
575 1967 668 2025 iucem
680 1987 744 2027 mo-

69 2065 136 2107 ‘tete
149 2046 231 2128 jubet
243 2067 359 2107 manum
370 2092 379 2120 ‚
392 2048 465 2104 inter
475 2043 628 2105 noeturnos
642 2045 745 2106 tumul·

72 2139 118 2185 tus
133 2128 281 2190 moderatu
297 2122 452 2186 difficilem.
472 2122 601 2198 Omnia,
616 2146 679 2205 quae
695 2125 746 2185 vel

73 2206 141 2267 'alius
156 2211 312 2303 imperator
326 2206 449 2288 prudens
465 2206 634 2285 &impiger
651 2206 682 2262 in
697 2203 747 2262 tali

74 2298 106 2346 'te
124 2304 290 2370 praectpetet
307 2303 326 2345 ⁴a
347 2302 483 2367 ermque,
500 2285 585 2366 ptaeci
608 2285 629 2343 it
647 2284 749 2344 ordine

73 2383 157 2449 atque
177 2371 254 2451 agit:
272 2307 346 2427 tnui
358 2368 497 2426 'eximium
520 2385 576 2425 con
587 2363 629 2423 ilii
648 2366 750 2424 animi·
843 2442 846 2446 Δ

117 2470 132 2509 e
148 2450 313 2531 specimen,
328 2449 360 2509 &
372 2444 538 2527 neutiquam
551 2445 674 2528 vulgatae
689 2445 751 2515 lane

103 2529 124 2587 is
135 2529 231 2612 ‚q'ubd
247 2529 321 2588 ultro
336 2527 372 2586 ad
382 2525 572 2620 oppugnanda
589 2524 674 2585 castra
685 2523 751 2586 hos·

77 2609 170 2684 tium,
188 2609 264 2669 unde
280 2606 388 2685 majore
404 2626 514 2688 agmine
536 2605 683 2686 profettos'
700 2625 752 2664 ex·

104 2689 222 2749 lotatum
241 2686 350 2761 fuerat,
369 2685 412 2745 M.
428 2685 589 2768 Geganium
615 2705 681 2743 cum
702 2706 753 2744 co-

79 2708 210 2830 ionibus
227 2766 341 2827 delettis
360 2764 457 2826 misit:
472 2767 540 2846 qui,
555 2761 703 2845 postquam
713 2765 758 2823 in·

87 2862 178 2914 tentos
192 2850 323 2912 homines
337 2849 367 2907 in
379 2863 514 2911 eventum
525 2845 645 2925 periculi
654 2843 756 2917 alieni,
