<?xml version="1.0" encoding="UTF-8"?>
<!DOCTYPE html PUBLIC "-//W3C//DTD XHTML 1.0 Transitional//EN"
    "http://www.w3.org/TR/xhtml1/DTD/xhtml1-transitional.dtd">
<html xmlns="http://www.w3.org/1999/xhtml" xml:lang="en" lang="en">
 <head>
  <title>
</title>
<meta http-equiv="Content-Type" content="text/html;charset=utf-8" />
  <meta name='ocr-system' content='tesseract 3.04.00' />
  <meta name='ocr-capabilities' content='ocr_page ocr_carea ocr_par ocr_line ocrx_word'/>
</head>
<body>
  <div class='ocr_page' id='page_1' title='image "./titiliviipatavi00lallgoog/titiliviipatavi00lallgoog_0181.png"; bbox 0 0 1984 3600; ppageno 0'>
   <div class='ocr_carea' id='block_1_1' title="bbox 186 182 709 324">
    <p class='ocr_par' dir='ltr' id='par_1_1' title="bbox 186 182 709 324">
     <span class='ocr_line' id='line_1_1' title="bbox 186 182 709 324; baseline -0.002 -24"><span class='ocrx_word' id='word_1_1' title='bbox 186 182 417 301; x_wconf 72' lang='lat' dir='ltr'>Lraan&#39;</span> <span class='ocrx_word' id='word_1_2' title='bbox 473 226 543 299; x_wconf 84' lang='lat' dir='ltr'>II.</span> <span class='ocrx_word' id='word_1_3' title='bbox 644 249 709 324; x_wconf 86' lang='lat'>¹¹7</span> 
     </span>
    </p>
   </div>
   <div class='ocr_carea' id='block_1_2' title="bbox 32 341 827 2896">
    <p class='ocr_par' dir='ltr' id='par_1_2' title="bbox 32 341 827 1870">
     <span class='ocr_line' id='line_1_2' title="bbox 34 341 826 427; baseline 0.001 -21"><span class='ocrx_word' id='word_1_4' title='bbox 34 347 112 427; x_wconf 82' lang='lat' dir='ltr'>primo</span> <span class='ocrx_word' id='word_1_5' title='bbox 120 369 206 409; x_wconf 89' lang='lat' dir='ltr'>anno.</span> <span class='ocrx_word' id='word_1_6' title='bbox 213 347 286 408; x_wconf 88' lang='lat' dir='ltr'>lnde</span> <span class='ocrx_word' id='word_1_7' title='bbox 294 341 467 407; x_wconf 85' lang='lat' dir='ltr'>P.Valerius</span> <span class='ocrx_word' id='word_1_8' title='bbox 477 347 598 419; x_wconf 83' lang='lat' dir='ltr'>iterum,</span> <span class='ocrx_word' id='word_1_9' title='bbox 607 343 645 406; x_wconf 88' lang='lat' dir='ltr'>T.</span> <span class='ocrx_word' id='word_1_10' title='bbox 653 343 708 407; x_wconf 89' lang='lat' dir='ltr'>Lu·</span> <span class='ocrx_word' id='word_1_11' title='bbox 723 346 826 379; x_wconf 60' lang='grc' dir='ltr'>ΞΕ</span> 
     </span>
     <span class='ocr_line' id='line_1_3' title="bbox 32 402 821 539; baseline 0.006 -52"><span class='ocrx_word' id='word_1_12' title='bbox 32 432 120 487; x_wconf 78' lang='lat' dir='ltr'>cretius</span> <span class='ocrx_word' id='word_1_13' title='bbox 135 428 267 488; x_wconf 86' lang='lat' dir='ltr'>consules</span> <span class='ocrx_word' id='word_1_14' title='bbox 286 426 365 487; x_wconf 62' lang='lat' dir='ltr'>sarili.</span> <span class='ocrx_word' id='word_1_15' title='bbox 505 499 513 508; x_wconf 64' lang='lat'>,</span> <span class='ocrx_word' id='word_1_16' title='bbox 721 402 821 539; x_wconf 43' lang='lat' dir='ltr'>E&#39;c‘ss&#39;pii.</span> 
     </span>
     <span class='ocr_line' id='line_1_4' title="bbox 63 500 822 591; baseline -0.001 -23"><span class='ocrx_word' id='word_1_17' title='bbox 63 508 181 570; x_wconf 89' lang='lat' dir='ltr'>lX.Jam</span> <span class='ocrx_word' id='word_1_18' title='bbox 192 509 350 591; x_wconf 87' lang='lat' dir='ltr'>Tarquinii</span> <span class='ocrx_word' id='word_1_19' title='bbox 361 507 398 565; x_wconf 88' lang='lat' dir='ltr'>ad</span> <span class='ocrx_word' id='word_1_20' title='bbox 410 506 525 567; x_wconf 85' lang='lat' dir='ltr'>Lartem</span> <span class='ocrx_word' id='word_1_21' title='bbox 537 505 707 583; x_wconf 79' lang='lat' dir='ltr'>porsenam,</span> <span class='ocrx_word' id='word_1_22' title='bbox 722 500 773 589; x_wconf 51' lang='lat' dir='ltr'>legg,</span> <span class='ocrx_word' id='word_1_23' title='bbox 790 513 822 589; x_wconf 59' lang='lat' dir='ltr'>If]</span> 
     </span>
     <span class='ocr_line' id='line_1_5' title="bbox 33 585 803 672; baseline 0.005 -26"><span class='ocrx_word' id='word_1_24' title='bbox 33 585 167 649; x_wconf 76' lang='lat' dir='ltr'>Clusinum</span> <span class='ocrx_word' id='word_1_25' title='bbox 175 610 275 672; x_wconf 85' lang='lat' dir='ltr'>regem</span> <span class='ocrx_word' id='word_1_26' title='bbox 285 586 504 670; x_wconf 67' lang='lat' dir='ltr'>,perfugerann</span> <span class='ocrx_word' id='word_1_27' title='bbox 512 587 551 646; x_wconf 93' lang='lat' dir='ltr'>ibi</span> <span class='ocrx_word' id='word_1_28' title='bbox 561 586 750 650; x_wconf 75' lang='lat' dir='ltr'>miscendo‘T·</span> <span class='ocrx_word' id='word_1_29' title='bbox 763 597 803 637; x_wconf 74' lang='lat' dir='ltr'>m.</span> 
     </span>
     <span class='ocr_line' id='line_1_6' title="bbox 32 648 788 753; baseline 0.004 -26"><span class='ocrx_word' id='word_1_30' title='bbox 32 667 167 730; x_wconf 81' lang='lat' dir='ltr'>confilium</span> <span class='ocrx_word' id='word_1_31' title='bbox 185 668 293 753; x_wconf 84' lang='lat' dir='ltr'>preces</span> <span class='ocrx_word' id='word_1_32' title='bbox 332 689 350 727; x_wconf 88' lang='lat' dir='ltr'>e</span> <span class='ocrx_word' id='word_1_33' title='bbox 363 713 373 743; x_wconf 91' lang='lat'>,</span> <span class='ocrx_word' id='word_1_34' title='bbox 390 687 466 727; x_wconf 85' lang='lat' dir='ltr'>nunc</span> <span class='ocrx_word' id='word_1_35' title='bbox 483 668 616 740; x_wconf 82' lang='lat' dir='ltr'>orabant,</span> <span class='ocrx_word' id='word_1_36' title='bbox 630 690 666 729; x_wconf 89' lang='lat' dir='ltr'>ne</span> <span class='ocrx_word' id='word_1_37' title='bbox 679 669 708 730; x_wconf 90' lang='lat' dir='ltr'>se</span> <span class='ocrx_word' id='word_1_38' title='bbox 723 648 788 737; x_wconf 51' lang='lat' dir='ltr'>‘ciiii</span> 
     </span>
     <span class='ocr_line' id='line_1_7' title="bbox 33 746 712 831; baseline 0.009 -26"><span class='ocrx_word' id='word_1_39' title='bbox 33 750 156 811; x_wconf 82' lang='lat' dir='ltr'>oriundos</span> <span class='ocrx_word' id='word_1_40' title='bbox 165 772 201 811; x_wconf 87' lang='lat' dir='ltr'>ex</span> <span class='ocrx_word' id='word_1_41' title='bbox 212 750 285 811; x_wconf 88' lang='lat' dir='ltr'>Etru</span> <span class='ocrx_word' id='word_1_42' title='bbox 300 753 343 809; x_wconf 90' lang='lat' dir='ltr'>cis</span> <span class='ocrx_word' id='word_1_43' title='bbox 351 792 362 819; x_wconf 88' lang='lat'>‚</span> <span class='ocrx_word' id='word_1_44' title='bbox 371 746 498 826; x_wconf 82' lang='lat' dir='ltr'>ejusdem</span> <span class='ocrx_word' id='word_1_45' title='bbox 509 748 648 831; x_wconf 87' lang='lat' dir='ltr'>sanguinis</span> <span class='ocrx_word' id='word_1_46' title='bbox 660 772 712 811; x_wconf 87' lang='lat' dir='ltr'>no·</span> 
     </span>
     <span class='ocr_line' id='line_1_8' title="bbox 32 828 710 912; baseline 0.007 -26"><span class='ocrx_word' id='word_1_47' title='bbox 32 828 108 887; x_wconf 85' lang='lat' dir='ltr'>minis</span> <span class='ocrx_word' id='word_1_48' title='bbox 123 852 177 904; x_wconf 91' lang='lat' dir='ltr'>ue,</span> <span class='ocrx_word' id='word_1_49' title='bbox 187 848 311 912; x_wconf 83' lang='lat' dir='ltr'>egentes</span> <span class='ocrx_word' id='word_1_50' title='bbox 322 828 450 889; x_wconf 79' lang='lat' dir='ltr'>exsulare</span> <span class='ocrx_word' id='word_1_51' title='bbox 461 845 602 910; x_wconf 84' lang='lat' dir='ltr'>pateretur</span> <span class='ocrx_word' id='word_1_52' title='bbox 613 852 622 904; x_wconf 80' lang='lat'>3</span> <span class='ocrx_word' id='word_1_53' title='bbox 634 851 710 892; x_wconf 85' lang='lat' dir='ltr'>nune</span> 
     </span>
     <span class='ocr_line' id='line_1_9' title="bbox 32 852 711 990; baseline 0.009 -24"><span class='ocrx_word' id='word_1_54' title='bbox 32 852 178 969; x_wconf 69' lang='lat' dir='ltr'>monebant</span> <span class='ocrx_word' id='word_1_55' title='bbox 190 914 294 985; x_wconf 85' lang='lat' dir='ltr'>etiam,</span> <span class='ocrx_word' id='word_1_56' title='bbox 308 912 477 970; x_wconf 80' lang='lat' dir='ltr'>morientem</span> <span class='ocrx_word' id='word_1_57' title='bbox 488 932 582 969; x_wconf 85' lang='lat' dir='ltr'>morem</span> <span class='ocrx_word' id='word_1_58' title='bbox 591 912 711 990; x_wconf 76' lang='lat' dir='ltr'>pellendi</span> 
     </span>
     <span class='ocr_line' id='line_1_10' title="bbox 35 990 708 1071; baseline 0.01 -27"><span class='ocrx_word' id='word_1_59' title='bbox 35 1010 100 1068; x_wconf 79' lang='lat' dir='ltr'>reges</span> <span class='ocrx_word' id='word_1_60' title='bbox 116 992 221 1051; x_wconf 78' lang='lat' dir='ltr'>inultum</span> <span class='ocrx_word' id='word_1_61' title='bbox 230 995 342 1071; x_wconf 79' lang='lat' dir='ltr'>sineret.</span> <span class='ocrx_word' id='word_1_62' title='bbox 360 992 438 1049; x_wconf 84' lang='lat' dir='ltr'>Satis</span> <span class='ocrx_word' id='word_1_63' title='bbox 462 990 606 1049; x_wconf 82' lang='lat' dir='ltr'>libertatem</span> <span class='ocrx_word' id='word_1_64' title='bbox 624 991 708 1071; x_wconf 69' lang='lat' dir='ltr'>ipjbm</span> 
     </span>
     <span class='ocr_line' id='line_1_11' title="bbox 36 1069 710 1149; baseline 0.009 -23"><span class='ocrx_word' id='word_1_65' title='bbox 36 1069 123 1130; x_wconf 72' lang='lat' dir='ltr'>labere</span> <span class='ocrx_word' id='word_1_66' title='bbox 143 1073 300 1133; x_wconf 79' lang='lat' dir='ltr'>dulcedinis.</span> <span class='ocrx_word' id='word_1_67' title='bbox 329 1072 395 1148; x_wconf 86' lang='lat' dir='ltr'>Nifi</span> <span class='ocrx_word' id='word_1_68' title='bbox 412 1071 515 1149; x_wconf 63' lang='lat' dir='ltr'>quanti</span> <span class='ocrx_word' id='word_1_69' title='bbox 532 1073 563 1130; x_wconf 85' lang='grc' dir='ltr'><em>νί</em></span> <span class='ocrx_word' id='word_1_70' title='bbox 585 1071 710 1132; x_wconf 78' lang='lat' dir='ltr'>civitates</span> 
     </span>
     <span class='ocr_line' id='line_1_12' title="bbox 37 1148 710 1232; baseline 0.012 -27"><span class='ocrx_word' id='word_1_71' title='bbox 37 1170 92 1207; x_wconf 81' lang='lat' dir='ltr'>eam</span> <span class='ocrx_word' id='word_1_72' title='bbox 106 1171 244 1231; x_wconf 81' lang='lat' dir='ltr'>expetant,</span> <span class='ocrx_word' id='word_1_73' title='bbox 258 1153 344 1212; x_wconf 67' lang='lat' dir='ltr'>tanai</span> <span class='ocrx_word' id='word_1_74' title='bbox 361 1172 441 1232; x_wconf 75' lang='lat' dir='ltr'>regna</span> <span class='ocrx_word' id='word_1_75' title='bbox 458 1171 529 1232; x_wconf 80' lang='lat' dir='ltr'>reges</span> <span class='ocrx_word' id='word_1_76' title='bbox 547 1148 710 1228; x_wconf 81' lang='lat' dir='ltr'>defendam,</span> 
     </span>
     <span class='ocr_line' id='line_1_13' title="bbox 38 1230 714 1312; baseline 0.006 -24"><span class='ocrx_word' id='word_1_77' title='bbox 38 1233 127 1308; x_wconf 79' lang='lat' dir='ltr'>equari</span> <span class='ocrx_word' id='word_1_78' title='bbox 132 1231 237 1309; x_wconf 72' lang='lat' dir='ltr'>stimma</span> <span class='ocrx_word' id='word_1_79' title='bbox 254 1233 362 1312; x_wconf 79' lang='lat' dir='ltr'>infimis</span> <span class='ocrx_word' id='word_1_80' title='bbox 377 1231 466 1289; x_wconf 71' lang='lat' dir='ltr'>:nihil</span> <span class='ocrx_word' id='word_1_81' title='bbox 478 1230 608 1308; x_wconf 73' lang='lat' dir='ltr'>excelfiim</span> <span class='ocrx_word' id='word_1_82' title='bbox 618 1276 628 1305; x_wconf 96' lang='lat'>,</span> <span class='ocrx_word' id='word_1_83' title='bbox 640 1235 714 1292; x_wconf 78' lang='lat' dir='ltr'>nihil</span> 
     </span>
     <span class='ocr_line' id='line_1_14' title="bbox 39 1310 711 1393; baseline 0.006 -25"><span class='ocrx_word' id='word_1_84' title='bbox 39 1314 105 1387; x_wconf 80' lang='lat' dir='ltr'>quod</span> <span class='ocrx_word' id='word_1_85' title='bbox 107 1310 186 1393; x_wconf 75' lang='lat' dir='ltr'>supra</span> <span class='ocrx_word' id='word_1_86' title='bbox 196 1332 281 1373; x_wconf 85' lang='lat' dir='ltr'>cetera</span> <span class='ocrx_word' id='word_1_87' title='bbox 294 1314 430 1384; x_wconf 82' lang='lat' dir='ltr'>emineat,</span> <span class='ocrx_word' id='word_1_88' title='bbox 440 1312 470 1369; x_wconf 86' lang='lat' dir='ltr'>in</span> <span class='ocrx_word' id='word_1_89' title='bbox 481 1312 637 1370; x_wconf 78' lang='lat' dir='ltr'>civitatibus</span> <span class='ocrx_word' id='word_1_90' title='bbox 641 1311 711 1392; x_wconf 76' lang='lat' dir='ltr'>fhre.</span> 
     </span>
     <span class='ocr_line' id='line_1_15' title="bbox 38 1390 718 1475; baseline 0.009 -29"><span class='ocrx_word' id='word_1_91' title='bbox 38 1390 130 1469; x_wconf 78' lang='lat' dir='ltr'>Adeffe</span> <span class='ocrx_word' id='word_1_92' title='bbox 143 1395 225 1470; x_wconf 76' lang='lat' dir='ltr'>finem</span> <span class='ocrx_word' id='word_1_93' title='bbox 238 1395 349 1475; x_wconf 76' lang='lat' dir='ltr'>regnis,</span> <span class='ocrx_word' id='word_1_94' title='bbox 365 1394 401 1450; x_wconf 86' lang='lat' dir='ltr'>rei</span> <span class='ocrx_word' id='word_1_95' title='bbox 419 1393 487 1450; x_wconf 78' lang='lat' dir='ltr'>inter</span> <span class='ocrx_word' id='word_1_96' title='bbox 501 1393 566 1450; x_wconf 85' lang='lat' dir='ltr'>deos</span> <span class='ocrx_word' id='word_1_97' title='bbox 584 1392 718 1471; x_wconf 59' lang='lat' dir='ltr'>hominesl</span> 
     </span>
     <span class='ocr_line' id='line_1_16' title="bbox 37 1469 827 1553; baseline 0.006 -25"><span class='ocrx_word' id='word_1_98' title='bbox 37 1492 84 1547; x_wconf 78' lang='lat' dir='ltr'>que</span> <span class='ocrx_word' id='word_1_99' title='bbox 105 1473 287 1550; x_wconf 77' lang='lat' dir='ltr'>puleienimae.</span> <span class='ocrx_word' id='word_1_100' title='bbox 309 1469 447 1545; x_wconf 83' lang='lat' dir='ltr'>Porsena,</span> <span class='ocrx_word' id='word_1_101' title='bbox 460 1487 523 1530; x_wconf 87' lang='lat' dir='ltr'>tum</span> <span class='ocrx_word' id='word_1_102' title='bbox 542 1491 640 1553; x_wconf 87' lang='lat' dir='ltr'>regem</span> <span class='ocrx_word' id='word_1_103' title='bbox 656 1472 710 1533; x_wconf 83' lang='lat' dir='ltr'>esse</span> <span class='ocrx_word' id='word_1_104' title='bbox 736 1469 827 1532; x_wconf 68' lang='lat' dir='ltr'>Porscna‘</span> 
     </span>
     <span class='ocr_line' id='line_1_17' title="bbox 38 1532 794 1633; baseline 0.013 -26"><span class='ocrx_word' id='word_1_105' title='bbox 38 1548 351 1623; x_wconf 83' lang='lat' dir='ltr'>Romae,tumEtruscae</span> <span class='ocrx_word' id='word_1_106' title='bbox 360 1554 451 1633; x_wconf 82' lang='lat' dir='ltr'>gentis</span> <span class='ocrx_word' id='word_1_107' title='bbox 461 1553 711 1633; x_wconf 84' lang='lat' dir='ltr'>regem‚amplum</span> <span class='ocrx_word' id='word_1_108' title='bbox 724 1532 794 1627; x_wconf 62' lang='lat' dir='ltr'>iilis</span> 
     </span>
     <span class='ocr_line' id='line_1_18' title="bbox 39 1626 810 1716; baseline 0.008 -30"><span class='ocrx_word' id='word_1_109' title='bbox 39 1626 140 1688; x_wconf 86' lang='lat' dir='ltr'>Tuscis</span> <span class='ocrx_word' id='word_1_110' title='bbox 155 1648 248 1706; x_wconf 87' lang='lat' dir='ltr'>ratus,</span> <span class='ocrx_word' id='word_1_111' title='bbox 262 1632 383 1693; x_wconf 88' lang='lat' dir='ltr'>Romam</span> <span class='ocrx_word' id='word_1_112' title='bbox 397 1629 643 1708; x_wconf 19' lang='lat' dir='ltr'>infesto-exercitu</span> <span class='ocrx_word' id='word_1_113' title='bbox 659 1654 713 1692; x_wconf 90' lang='lat' dir='ltr'>ve·</span> <span class='ocrx_word' id='word_1_114' title='bbox 724 1626 810 1716; x_wconf 42' lang='lat' dir='ltr'>iiii?</span> 
     </span>
     <span class='ocr_line' id='line_1_19' title="bbox 41 1709 713 1774; baseline 0.009 -8"><span class='ocrx_word' id='word_1_115' title='bbox 41 1710 91 1767; x_wconf 85' lang='lat' dir='ltr'>nit.</span> <span class='ocrx_word' id='word_1_116' title='bbox 107 1709 173 1771; x_wconf 91' lang='lat' dir='ltr'>Non</span> <span class='ocrx_word' id='word_1_117' title='bbox 190 1734 237 1773; x_wconf 89' lang='lat' dir='ltr'>um</span> <span class='ocrx_word' id='word_1_118' title='bbox 257 1735 321 1774; x_wconf 89' lang='lat' dir='ltr'>uam</span> <span class='ocrx_word' id='word_1_119' title='bbox 336 1713 404 1773; x_wconf 74' lang='lat' dir='ltr'>aliis</span> <span class='ocrx_word' id='word_1_120' title='bbox 423 1712 488 1770; x_wconf 73' lang='lat' dir='ltr'>ante</span> <span class='ocrx_word' id='word_1_121' title='bbox 510 1727 603 1770; x_wconf 88' lang='lat' dir='ltr'>tantus</span> <span class='ocrx_word' id='word_1_122' title='bbox 620 1728 713 1774; x_wconf 86' lang='lat' dir='ltr'>terror</span> 
     </span>
     <span class='ocr_line' id='line_1_20' title="bbox 41 1736 713 1870; baseline 0.012 -23"><span class='ocrx_word' id='word_1_123' title='bbox 41 1786 159 1852; x_wconf 85' lang='lat' dir='ltr'>senatum</span> <span class='ocrx_word' id='word_1_124' title='bbox 170 1736 270 1856; x_wconf 70' lang='lat' dir='ltr'>invasit</span> <span class='ocrx_word' id='word_1_125' title='bbox 285 1818 295 1870; x_wconf 83' lang='lat'>3</span> <span class='ocrx_word' id='word_1_126' title='bbox 310 1795 385 1855; x_wconf 88' lang='lat' dir='ltr'>adeo</span> <span class='ocrx_word' id='word_1_127' title='bbox 400 1792 497 1855; x_wconf 85' lang='lat' dir='ltr'>valida</span> <span class='ocrx_word' id='word_1_128' title='bbox 511 1813 556 1852; x_wconf 88' lang='lat' dir='ltr'>res</span> <span class='ocrx_word' id='word_1_129' title='bbox 568 1809 629 1853; x_wconf 91' lang='lat' dir='ltr'>tum</span> <span class='ocrx_word' id='word_1_130' title='bbox 642 1790 713 1855; x_wconf 89' lang='lat' dir='ltr'>Clu·</span> 
     </span>
    </p>

    <p class='ocr_par' dir='ltr' id='par_1_3' title="bbox 41 1869 711 1959">
     <span class='ocr_line' id='line_1_21' title="bbox 41 1869 711 1959; baseline 0.015 -31"><span class='ocrx_word' id='word_1_131' title='bbox 41 1869 95 1930; x_wconf 81' lang='lat' dir='ltr'>sina</span> <span class='ocrx_word' id='word_1_132' title='bbox 110 1891 188 1950; x_wconf 89' lang='lat' dir='ltr'>erat,</span> <span class='ocrx_word' id='word_1_133' title='bbox 206 1894 400 1959; x_wconf 85' lang='lat' dir='ltr'>magnumque</span> <span class='ocrx_word' id='word_1_134' title='bbox 421 1871 552 1932; x_wconf 85' lang='lat' dir='ltr'>Porsenae</span> <span class='ocrx_word' id='word_1_135' title='bbox 576 1895 683 1935; x_wconf 88' lang='lat' dir='ltr'>nomen</span> <span class='ocrx_word' id='word_1_136' title='bbox 703 1900 711 1938; x_wconf 91' lang='lat'>:</span> 
     </span>
    </p>

    <p class='ocr_par' dir='ltr' id='par_1_4' title="bbox 40 1953 713 2027">
     <span class='ocr_line' id='line_1_22' title="bbox 40 1953 713 2027; baseline 0.01 -19"><span class='ocrx_word' id='word_1_137' title='bbox 40 1972 89 2010; x_wconf 87' lang='lat' dir='ltr'>nec</span> <span class='ocrx_word' id='word_1_138' title='bbox 106 1954 199 2016; x_wconf 84' lang='lat' dir='ltr'>hostes</span> <span class='ocrx_word' id='word_1_139' title='bbox 220 1957 313 2018; x_wconf 81' lang='lat' dir='ltr'>modb</span> <span class='ocrx_word' id='word_1_140' title='bbox 338 1954 495 2027; x_wconf 85' lang='lat' dir='ltr'>timebant,</span> <span class='ocrx_word' id='word_1_141' title='bbox 515 1953 565 2013; x_wconf 88' lang='lat' dir='ltr'>sed</span> <span class='ocrx_word' id='word_1_142' title='bbox 590 1954 713 2016; x_wconf 86' lang='lat' dir='ltr'>suosmet</span> 
     </span>
    </p>

    <p class='ocr_par' dir='ltr' id='par_1_5' title="bbox 41 2031 713 2169">
     <span class='ocr_line' id='line_1_23' title="bbox 41 2031 713 2169; baseline 0.003 -78"><span class='ocrx_word' id='word_1_143' title='bbox 41 2031 89 2169; x_wconf 61' lang='lat' dir='ltr'>ipsi</span> <span class='ocrx_word' id='word_1_144' title='bbox 102 2036 195 2111; x_wconf 80' lang='lat' dir='ltr'>cives,</span> <span class='ocrx_word' id='word_1_145' title='bbox 214 2058 252 2097; x_wconf 86' lang='lat' dir='ltr'>ne</span> <span class='ocrx_word' id='word_1_146' title='bbox 262 2037 397 2097; x_wconf 88' lang='lat' dir='ltr'>Romana</span> <span class='ocrx_word' id='word_1_147' title='bbox 411 2034 493 2115; x_wconf 87' lang='lat' dir='ltr'>plebs</span> <span class='ocrx_word' id='word_1_148' title='bbox 504 2050 583 2093; x_wconf 87' lang='lat' dir='ltr'>metu</span> <span class='ocrx_word' id='word_1_149' title='bbox 603 2034 713 2116; x_wconf 86' lang='lat' dir='ltr'>percul-</span> 
     </span>
    </p>

    <p class='ocr_par' dir='ltr' id='par_1_6' title="bbox 52 2113 714 2198">
     <span class='ocr_line' id='line_1_24' title="bbox 52 2113 714 2198; baseline 0.005 -28"><span class='ocrx_word' id='word_1_150' title='bbox 52 2134 81 2186; x_wconf 85' lang='lat' dir='ltr'>a,</span> <span class='ocrx_word' id='word_1_151' title='bbox 93 2120 214 2198; x_wconf 81' lang='lat' dir='ltr'>receptis</span> <span class='ocrx_word' id='word_1_152' title='bbox 227 2121 257 2176; x_wconf 90' lang='lat' dir='ltr'>in</span> <span class='ocrx_word' id='word_1_153' title='bbox 267 2117 371 2177; x_wconf 85' lang='lat' dir='ltr'>urbem</span> <span class='ocrx_word' id='word_1_154' title='bbox 379 2114 492 2196; x_wconf 84' lang='lat' dir='ltr'>regibus</span> <span class='ocrx_word' id='word_1_155' title='bbox 505 2113 573 2188; x_wconf 89' lang='lat' dir='ltr'>,vel</span> <span class='ocrx_word' id='word_1_156' title='bbox 582 2137 648 2174; x_wconf 86' lang='lat' dir='ltr'>cum</span> <span class='ocrx_word' id='word_1_157' title='bbox 659 2113 714 2174; x_wconf 91' lang='lat' dir='ltr'>ser-</span> 
     </span>
    </p>

    <p class='ocr_par' dir='ltr' id='par_1_7' title="bbox 40 2193 733 2359">
     <span class='ocr_line' id='line_1_25' title="bbox 41 2193 732 2279; baseline 0.001 -27"><span class='ocrx_word' id='word_1_158' title='bbox 41 2195 123 2254; x_wconf 88' lang='lat' dir='ltr'>vitute</span> <span class='ocrx_word' id='word_1_159' title='bbox 140 2219 243 2277; x_wconf 89' lang='lat' dir='ltr'>pacem</span> <span class='ocrx_word' id='word_1_160' title='bbox 259 2200 410 2279; x_wconf 87' lang='lat' dir='ltr'>acciperet.</span> <span class='ocrx_word' id='word_1_161' title='bbox 429 2193 524 2254; x_wconf 88' lang='lat' dir='ltr'>Multa</span> <span class='ocrx_word' id='word_1_162' title='bbox 539 2197 622 2275; x_wconf 84' lang='lat' dir='ltr'>igitur</span> <span class='ocrx_word' id='word_1_163' title='bbox 633 2193 714 2253; x_wconf 89' lang='lat' dir='ltr'>blan·</span> <span class='ocrx_word' id='word_1_164' title='bbox 730 2258 732 2261; x_wconf 63' lang='grc'>,</span> 
     </span>
     <span class='ocr_line' id='line_1_26' title="bbox 40 2272 733 2359; baseline -0.001 -26"><span class='ocrx_word' id='word_1_165' title='bbox 40 2274 159 2336; x_wconf 77' lang='lat' dir='ltr'>(lineata</span> <span class='ocrx_word' id='word_1_166' title='bbox 172 2279 254 2359; x_wconf 90' lang='lat' dir='ltr'>plebi</span> <span class='ocrx_word' id='word_1_167' title='bbox 269 2298 321 2358; x_wconf 86' lang='lat' dir='ltr'>per</span> <span class='ocrx_word' id='word_1_168' title='bbox 336 2277 367 2335; x_wconf 89' lang='lat' dir='ltr'>id</span> <span class='ocrx_word' id='word_1_169' title='bbox 382 2292 442 2334; x_wconf 93' lang='lat' dir='ltr'>tem</span> <span class='ocrx_word' id='word_1_170' title='bbox 461 2296 494 2334; x_wconf 90' lang='lat' dir='ltr'>us</span> <span class='ocrx_word' id='word_1_171' title='bbox 513 2273 548 2332; x_wconf 89' lang='lat' dir='ltr'>ab</span> <span class='ocrx_word' id='word_1_172' title='bbox 560 2272 655 2333; x_wconf 87' lang='lat' dir='ltr'>senatu</span> <span class='ocrx_word' id='word_1_173' title='bbox 667 2275 733 2344; x_wconf 72' lang='lat' dir='ltr'>da-¹</span> 
     </span>
    </p>

    <p class='ocr_par' dir='ltr' id='par_1_8' title="bbox 37 2355 726 2596">
     <span class='ocr_line' id='line_1_27' title="bbox 38 2355 726 2438; baseline 0.006 -27"><span class='ocrx_word' id='word_1_174' title='bbox 38 2370 81 2413; x_wconf 86' lang='lat' dir='ltr'>ta:</span> <span class='ocrx_word' id='word_1_175' title='bbox 97 2376 219 2418; x_wconf 85' lang='lat' dir='ltr'>annonae</span> <span class='ocrx_word' id='word_1_176' title='bbox 236 2361 266 2416; x_wconf 92' lang='lat' dir='ltr'>in</span> <span class='ocrx_word' id='word_1_177' title='bbox 288 2359 388 2438; x_wconf 88' lang='lat' dir='ltr'>primis</span> <span class='ocrx_word' id='word_1_178' title='bbox 411 2355 431 2413; x_wconf 92' lang='lat' dir='ltr'>h</span> <span class='ocrx_word' id='word_1_179' title='bbox 467 2357 505 2413; x_wconf 91' lang='lat' dir='ltr'>ita</span> <span class='ocrx_word' id='word_1_180' title='bbox 522 2375 588 2414; x_wconf 90' lang='lat' dir='ltr'>cura</span> <span class='ocrx_word' id='word_1_181' title='bbox 602 2398 611 2429; x_wconf 90' lang='lat'>,</span> <span class='ocrx_word' id='word_1_182' title='bbox 627 2357 661 2416; x_wconf 90' lang='lat'>&amp;</span> <span class='ocrx_word' id='word_1_183' title='bbox 677 2357 726 2415; x_wconf 82' lang='lat' dir='ltr'>ad·</span> 
     </span>
     <span class='ocr_line' id='line_1_28' title="bbox 37 2431 714 2518; baseline 0.003 -25"><span class='ocrx_word' id='word_1_184' title='bbox 37 2431 208 2498; x_wconf 81' lang='lat' dir='ltr'>frumentum</span> <span class='ocrx_word' id='word_1_185' title='bbox 237 2436 461 2518; x_wconf 87' lang='lat' dir='ltr'>comparandum</span> <span class='ocrx_word' id='word_1_186' title='bbox 487 2432 560 2494; x_wconf 83' lang='lat' dir='ltr'>miffi</span> <span class='ocrx_word' id='word_1_187' title='bbox 580 2477 589 2507; x_wconf 91' lang='lat'>,</span> <span class='ocrx_word' id='word_1_188' title='bbox 612 2436 658 2494; x_wconf 88' lang='lat' dir='ltr'>alii</span> <span class='ocrx_word' id='word_1_189' title='bbox 685 2440 714 2495; x_wconf 90' lang='lat' dir='ltr'>in</span> 
     </span>
     <span class='ocr_line' id='line_1_29' title="bbox 39 2511 715 2596; baseline 0.003 -24"><span class='ocrx_word' id='word_1_190' title='bbox 39 2511 176 2590; x_wconf 85' lang='lat' dir='ltr'>Volscos,</span> <span class='ocrx_word' id='word_1_191' title='bbox 187 2519 236 2578; x_wconf 89' lang='lat' dir='ltr'>alii</span> <span class='ocrx_word' id='word_1_192' title='bbox 250 2516 367 2579; x_wconf 85' lang='lat' dir='ltr'>Cumas.</span> <span class='ocrx_word' id='word_1_193' title='bbox 380 2514 449 2575; x_wconf 86' lang='lat' dir='ltr'>Salis</span> <span class='ocrx_word' id='word_1_194' title='bbox 462 2535 577 2596; x_wconf 86' lang='lat' dir='ltr'>quoque</span> <span class='ocrx_word' id='word_1_195' title='bbox 587 2516 715 2577; x_wconf 86' lang='lat' dir='ltr'>venden-</span> 
     </span>
    </p>

    <p class='ocr_par' dir='ltr' id='par_1_9' title="bbox 39 2593 716 2678">
     <span class='ocr_line' id='line_1_30' title="bbox 39 2593 716 2678; baseline 0.004 -26"><span class='ocrx_word' id='word_1_196' title='bbox 39 2593 66 2652; x_wconf 88' lang='lat' dir='ltr'>di</span> <span class='ocrx_word' id='word_1_197' title='bbox 75 2596 222 2659; x_wconf 86' lang='lat' dir='ltr'>arbitrium</span> <span class='ocrx_word' id='word_1_198' title='bbox 233 2642 243 2670; x_wconf 92' lang='lat'>‚</span> <span class='ocrx_word' id='word_1_199' title='bbox 256 2600 323 2678; x_wconf 89' lang='lat' dir='ltr'>quia</span> <span class='ocrx_word' id='word_1_200' title='bbox 334 2594 462 2676; x_wconf 88' lang='lat' dir='ltr'>impenso</span> <span class='ocrx_word' id='word_1_201' title='bbox 476 2598 567 2676; x_wconf 89' lang='lat' dir='ltr'>pretio</span> <span class='ocrx_word' id='word_1_202' title='bbox 580 2596 716 2670; x_wconf 85' lang='lat' dir='ltr'>venibat,</span> 
     </span>
    </p>

    <p class='ocr_par' dir='ltr' id='par_1_10' title="bbox 39 2675 723 2896">
     <span class='ocr_line' id='line_1_31' title="bbox 39 2675 723 2759; baseline -0.001 -25"><span class='ocrx_word' id='word_1_203' title='bbox 39 2677 64 2734; x_wconf 88' lang='lat' dir='ltr'>in</span> <span class='ocrx_word' id='word_1_204' title='bbox 82 2678 232 2758; x_wconf 84' lang='lat' dir='ltr'>publicum</span> <span class='ocrx_word' id='word_1_205' title='bbox 252 2698 339 2737; x_wconf 89' lang='lat' dir='ltr'>omne</span> <span class='ocrx_word' id='word_1_206' title='bbox 359 2675 527 2756; x_wconf 91' lang='lat' dir='ltr'>sumptum,</span> <span class='ocrx_word' id='word_1_207' title='bbox 550 2676 723 2759; x_wconf 84' lang='lat' dir='ltr'>ademptum</span> 
     </span>
     <span class='ocr_line' id='line_1_32' title="bbox 39 2754 718 2896; baseline -0.004 -81"><span class='ocrx_word' id='word_1_208' title='bbox 39 2760 164 2896; x_wconf 76' lang='lat' dir='ltr'>privatis.</span> <span class='ocrx_word' id='word_1_209' title='bbox 182 2756 372 2837; x_wconf 76' lang='lat' dir='ltr'>portoriisque</span> <span class='ocrx_word' id='word_1_210' title='bbox 394 2757 427 2816; x_wconf 73' lang='grc' dir='ltr'>ὃ(</span> <span class='ocrx_word' id='word_1_211' title='bbox 444 2756 549 2814; x_wconf 87' lang='lat' dir='ltr'>tributo</span> <span class='ocrx_word' id='word_1_212' title='bbox 570 2754 668 2836; x_wconf 88' lang='lat' dir='ltr'>plebes</span> <span class='ocrx_word' id='word_1_213' title='bbox 688 2757 718 2813; x_wconf 86' lang='lat' dir='ltr'>li·</span> 
     </span>
    </p>
   </div>
   <div class='ocr_carea' id='block_1_3' title="bbox 58 2832 742 2919">
    <p class='ocr_par' dir='ltr' id='par_1_11' title="bbox 58 2832 742 2919">
     <span class='ocr_line' id='line_1_33' title="bbox 58 2832 742 2919; baseline -0.012 -19"><span class='ocrx_word' id='word_1_214' title='bbox 58 2857 152 2919; x_wconf 81' lang='lat' dir='ltr'>erata,</span> <span class='ocrx_word' id='word_1_215' title='bbox 174 2857 205 2903; x_wconf 77' lang='lat' dir='ltr'>ut</span> <span class='ocrx_word' id='word_1_216' title='bbox 225 2841 324 2903; x_wconf 74' lang='lat' dir='ltr'>divites</span> <span class='ocrx_word' id='word_1_217' title='bbox 342 2833 504 2918; x_wconf 64' lang='lat' dir='ltr'>confinem,</span> <span class='ocrx_word' id='word_1_218' title='bbox 524 2839 571 2918; x_wconf 86' lang='lat' dir='ltr'>qui</span> <span class='ocrx_word' id='word_1_219' title='bbox 590 2837 662 2896; x_wconf 83' lang='lat' dir='ltr'>oneri</span> <span class='ocrx_word' id='word_1_220' title='bbox 673 2832 719 2912; x_wconf 85' lang='lat' dir='ltr'>fe·</span> <span class='ocrx_word' id='word_1_221' title='bbox 738 2859 742 2866; x_wconf 89' lang='lat'><strong>·</strong></span> 
     </span>
    </p>
   </div>
   <div class='ocr_carea' id='block_1_4' title="bbox 0 0 1000 3600">
    <p class='ocr_par' dir='ltr' id='par_1_12' title="bbox 0 0 1000 3600">
     <span class='ocr_line' id='line_1_34' title="bbox 0 0 1000 3600; baseline 0 0"><span class='ocrx_word' id='word_1_222' title='bbox 0 0 1000 3600; x_wconf 95' lang='lat' dir='ltr'> </span> 
     </span>
    </p>
   </div>
  </div>
 </body>
</html>
