1984 3600
260 215 566 291 Lrocnl.
704 212 745 316 85

92 328 290 398 nationum:
304 340 396 398 Haud
408 339 503 397 mirum
518 331 568 414 ff
580 332 696 415 Superbo
712 335 755 395 in·
788 356 863 401 rm

90 411 167 471 dirum
180 419 267 477 Romu
280 440 422 500 cognomen
434 415 448 499 (
458 415 518 496 jam
533 416 610 474 enim
627 416 665 473 ita
681 413 752 475 clam
763 407 837 495 {22¹3

92 491 196 568 quidem
217 496 415 571 mutuantes,
436 495 528 579 vulgb
545 512 666 570 temen,
686 514 752 556 eum
764 505 855 562 Turn-,120
958 425 963 564 i

93 573 274 659 appellabant)
292 581 344 639 An
360 580 507 658 quidquam
523 573 662 656 stuperbius
682 555 833 651 410³?de

93 652 161 725 quim
179 657 308 737 ludificari
320 660 362 737 fic
385 679 461 716 omne
479 678 574 715 nomen
592 656 751 714 Latinum?

93 728 244 814 Principibus
252 739 331 820 longe*
341 738 377 797 ab
390 741 468 796 domo
477 736 573 795 excitis
576 779 587 806 ‚
597 733 679 816 ipsum
685 779 696 806 ,
706 739 753 815 qui

93 816 216 875 concilium
228 821 380 888 indixerit,
391 839 446 876 non
464 814 551 895 adcffi
561 838 570 874 .·
581 817 677 874 tentori
689 838 753 896 pro·

90 885 150 967 sedi
162 899 327 974 parientiam,
341 916 389 968 ur,
395 893 520 978 fijugum
529 898 692 977 acceperint,
704 897 751 955 ob-

99 976 183 1032 noxios
192 997 295 1056 premor.
312 980 363 1038 Cui
375 979 444 1036 enim
460 999 515 1036 reon
537 998 661 1100 quorere
676 999 694 1033 a
715 999 751 1036 ec·

99 1066 207 1114 terreum
221 1061 355 1139 imperium
373 1059 402 1116 iu
420 1058 552 1117 Latinos.
579 1059 664 1136 Quod
684 1080 694 1113 1
704 1055 751 1134 firi
846 1123 850 1132 1

99 1129 151 1191 bene
161 1140 303 1198 crediderint
317 1141 408 1208 cives,
428 1154 477 1195 aut
484 1138 514 1216 fi
526 1140 651 1196 creditum
666 1138 755 1209 illud,

99 1210 178 1274 &non
194 1236 292 1299 raptum
303 1220 450 1299 parricidio
457 1218 495 1296 fir
506 1260 515 1287 ,
527 1220 623 1275 credere
639 1216 752 1276 &Loti-

97 1291 319 1378 nos(quomquam
341 1321 376 1359 ne
389 1299 430 1377 fic
447 1299 551 1376 quiden
570 1296 750 1378 alienigene)

98 1374 179 1434 debere.
200 1381 246 1437 Sin
259 1378 325 1456 ficos
341 1375 400 1458 ejus
417 1378 548 1457 punirent
569 1375 689 1515 qaquippe
706 1380 752 1456 qui

98 1453 142 1510 aiii
154 1453 225 1534 super
235 1460 303 1518 alios
317 1460 494 1527 trucidentur,
506 1455 569 1533 exsti
600 1475 654 1515 tum
669 1477 752 1527 conr,

102 1532 164 1592 bonu
175 1538 288 1596 amittant
295 1534 307 1618 )
314 1542 381 1618 quid
380 1538 443 1617 spei
452 1538 567 1596 melioris
577 1538 685 1597 Latinis
690 1557 754 1615 por·

102 1615 188 1671 rendi?
201 1619 229 1674 Si
237 1615 266 1694 se
275 1622 404 1690 audiant,
417 1621 523 1676 domum
533 1614 613 1692 strom
629 1636 754 1693 quemque

102 1692 155 1751 inde
164 1695 271 1756 abituros
277 1720 290 1770 ;
298 1721 381 1778 neque
394 1698 481 1778 magis
494 1694 675 1773 obseruaturos
684 1697 752 1754 diem

100 1776 208 1848 concilii,
221 1778 296 1857 qudm
310 1777 387 1860 ipsc,
404 1781 450 1857 qui
465 1777 613 1846 indixerit,
630 1772 750 1852 observet.

98 1851 158 1914 Haec
172 1873 247 1939 atque
266 1861 318 1918 alia
332 1858 441 1919 eodem
461 1858 630 1937 pertinentia
642 1854 753 1917 seditio·

98 1932 135 1994 sus
153 1935 368 2022 facinorosusque
391 1939 508 2010 homo,
530 1935 627 2018 hisque
646 1936 750 1998 artibus

96 2035 156 2096 opes
174 2017 248 2078 domi
266 2019 379 2093 nnius,
397 2038 485 2099 quum
504 2017 627 2076 maxime
644 2015 752 2078 differe·

95 2114 147 2170 ret,
157 2101 303 2175 ⁴intervenit
316 2098 499 2180 Tarquinius
512 2095 540 2156 Is
552 2094 616 2155 finis
629 2097 752 2158 orationi

97 2172 149 2236 finit.
165 2177 261 2239 Averfi
275 2200 377 2239 omnes
390 2177 426 2237 ad
437 2176 625 2258 Tarquinium
637 2174 755 2249 salutann

97 2256 156 2317 dum
172 2261 255 2341 :qui‚
271 2258 383 2320 silentio
397 2255 492 2330 fauo,
508 2257 632 2315 monitus
649 2277 666 2314 a
683 2278 754 2339 pro-

95 2340 167 2397 ximis
177 2355 207 2398 ut
221 2357 349 2423 purgaret
363 2338 391 2399 se
403 2337 502 2419 ,quod
514 2336 543 2395 id
553 2338 691 2417 temporis
704 2359 755 2398 ve-

95 2416 181 2493 nisset,
195 2418 386 2501 disceptatorem
400 2421 439 2476 ait
446 2416 477 2495 se
482 2415 618 2498 ficmptum
631 2419 752 2497 interpu-

96 2516 149 2557 trem
164 2500 280 2577 &filium
292 2523 300 2561 .·
310 2501 375 2559 curd
389 2499 578 2558 reconciliandi
593 2521 638 2556 eos
652 2501 680 2557 in
692 2519 751 2577 gro·

95 2580 153 2637 riom
165 2597 288 2638 morarum
303 2578 353 2657 effe
360 2601 373 2652 ;
386 2579 430 2649 ea,
443 2580 507 2657 quia
523 2601 554 2637 ea
568 2601 606 2637 res
621 2575 756 2652 exemiffet

96 2659 162 2717 illum
175 2661 240 2717 diem
248 2704 259 2731 ,
269 2663 369 2739 postero
391 2663 433 2718 die
450 2661 564 2717 affirmem
582 2679 639 2737 quae
656 2660 755 2735 consti*

96 2735 179 2813 turffer.
200 2736 245 2796 Ne
262 2740 291 2797 id
325 2738 422 2797 uidem
441 2735 476 2795 ab
492 2737 593 2796 Turno
610 2733 699 2796 tuliffe
713 2753 756 2794 ta·

97 2820 175 2879 eitum
185 2814 296 2881 ferunt:
330 2815 405 2881 ‘xiffe
421 2819 497 2882 enim
507 2863 517 2895 ,
527 2818 643 2880 Nullum
653 2817 755 2877 breuio-
