<?xml version="1.0" encoding="UTF-8"?>
<!DOCTYPE html PUBLIC "-//W3C//DTD XHTML 1.0 Transitional//EN"
    "http://www.w3.org/TR/xhtml1/DTD/xhtml1-transitional.dtd">
<html xmlns="http://www.w3.org/1999/xhtml" xml:lang="en" lang="en">
 <head>
  <title>
</title>
<meta http-equiv="Content-Type" content="text/html;charset=utf-8" />
  <meta name='ocr-system' content='tesseract 3.04.00' />
  <meta name='ocr-capabilities' content='ocr_page ocr_carea ocr_par ocr_line ocrx_word'/>
</head>
<body>
  <div class='ocr_page' id='page_1' title='image "./titiliviipatavi00lallgoog/titiliviipatavi00lallgoog_0027.png"; bbox 0 0 1984 3600; ppageno 0'>
   <div class='ocr_carea' id='block_1_1' title="bbox 205 216 784 320">
    <p class='ocr_par' dir='ltr' id='par_1_1' title="bbox 205 216 784 320">
     <span class='ocr_line' id='line_1_1' title="bbox 205 216 784 320; baseline -0.005 -24"><span class='ocrx_word' id='word_1_1' title='bbox 205 216 659 296; x_wconf 52' lang='lat' dir='ltr'>’irnzncronnm</span> <span class='ocrx_word' id='word_1_2' title='bbox 716 222 784 320; x_wconf 60' lang='lat' dir='ltr'>xvij</span> 
     </span>
    </p>
   </div>
   <div class='ocr_carea' id='block_1_2' title="bbox 28 339 780 2848">
    <p class='ocr_par' dir='ltr' id='par_1_2' title="bbox 28 332 780 2848">
     <span class='ocr_line' id='line_1_2' title="bbox 86 339 780 510; baseline 0.004 -99"><span class='ocrx_word' id='word_1_3' title='bbox 86 341 315 510; x_wconf 49' lang='lat' dir='ltr'>foffpgcffi,</span> <span class='ocrx_word' id='word_1_4' title='bbox 336 342 445 453; x_wconf 74' lang='lat' dir='ltr'>libros</span> <span class='ocrx_word' id='word_1_5' title='bbox 461 340 604 427; x_wconf 84' lang='lat' dir='ltr'>Tobiae,</span> <span class='ocrx_word' id='word_1_6' title='bbox 621 339 780 506; x_wconf 38' lang='lat' dir='ltr'>Iudithae,</span> 
     </span>
     <span class='ocr_line' id='line_1_3' title="bbox 105 455 677 508; baseline 0 -1"><span class='ocrx_word' id='word_1_7' title='bbox 105 462 127 507; x_wconf 90' lang='lat' dir='ltr'>o</span> <span class='ocrx_word' id='word_1_8' title='bbox 151 464 161 507; x_wconf 92' lang='lat'>1</span> <span class='ocrx_word' id='word_1_9' title='bbox 306 464 374 508; x_wconf 89' lang='lat' dir='ltr'>ens</span> <span class='ocrx_word' id='word_1_10' title='bbox 464 461 557 506; x_wconf 87' lang='lat' dir='ltr'>orum</span> <span class='ocrx_word' id='word_1_11' title='bbox 570 455 677 507; x_wconf 83' lang='lat' dir='ltr'>textus</span> 
     </span>
     <span class='ocr_line' id='line_1_4' title="bbox 86 461 780 628; baseline 0.004 -25"><span class='ocrx_word' id='word_1_12' title='bbox 86 536 192 628; x_wconf 90' lang='lat' dir='ltr'>priore</span> <span class='ocrx_word' id='word_1_13' title='bbox 207 553 301 606; x_wconf 84' lang='lat' dir='ltr'>textu</span> <span class='ocrx_word' id='word_1_14' title='bbox 319 461 520 604; x_wconf 42' lang='lat' dir='ltr'>misilinus</span> <span class='ocrx_word' id='word_1_15' title='bbox 538 532 687 604; x_wconf 85' lang='lat' dir='ltr'>decurrit.</span> <span class='ocrx_word' id='word_1_16' title='bbox 732 562 780 606; x_wconf 84' lang='lat' dir='ltr'>ra·</span> 
     </span>
     <span class='ocr_line' id='line_1_5' title="bbox 85 630 775 742; baseline 0.006 -41"><span class='ocrx_word' id='word_1_17' title='bbox 85 632 206 723; x_wconf 81' lang='lat' dir='ltr'>gmenti</span> <span class='ocrx_word' id='word_1_18' title='bbox 225 632 366 702; x_wconf 82' lang='lat' dir='ltr'>Liviani</span> <span class='ocrx_word' id='word_1_19' title='bbox 385 654 459 742; x_wconf 70' lang='lat' dir='ltr'>pars</span> <span class='ocrx_word' id='word_1_20' title='bbox 480 630 570 725; x_wconf 88' lang='lat' dir='ltr'>prior</span> <span class='ocrx_word' id='word_1_21' title='bbox 590 630 775 705; x_wconf 83' lang='lat' dir='ltr'>habeturin</span> 
     </span>
     <span class='ocr_line' id='line_1_6' title="bbox 84 723 777 823; baseline 0.012 -30"><span class='ocrx_word' id='word_1_22' title='bbox 84 723 176 818; x_wconf 76' lang='lat' dir='ltr'>hujus</span> <span class='ocrx_word' id='word_1_23' title='bbox 188 726 320 799; x_wconf 86' lang='lat' dir='ltr'>codicis</span> <span class='ocrx_word' id='word_1_24' title='bbox 338 727 428 797; x_wconf 80' lang='lat' dir='ltr'>foliis</span> <span class='ocrx_word' id='word_1_25' title='bbox 444 726 539 820; x_wconf 83' lang='lat'>73&amp;</span> <span class='ocrx_word' id='word_1_26' title='bbox 555 723 623 817; x_wconf 83' lang='lat'>783</span> <span class='ocrx_word' id='word_1_27' title='bbox 636 753 708 823; x_wconf 81' lang='lat' dir='ltr'>pars</span> <span class='ocrx_word' id='word_1_28' title='bbox 724 755 777 801; x_wconf 86' lang='lat' dir='ltr'>au·</span> 
     </span>
     <span class='ocr_line' id='line_1_7' title="bbox 28 820 775 921; baseline 0.007 -29"><span class='ocrx_word' id='word_1_29' title='bbox 28 907 37 921; x_wconf 78' lang='lat'>.</span> <span class='ocrx_word' id='word_1_30' title='bbox 85 838 151 892; x_wconf 84' lang='lat' dir='ltr'>tem</span> <span class='ocrx_word' id='word_1_31' title='bbox 169 822 340 917; x_wconf 87' lang='lat' dir='ltr'>posterior</span> <span class='ocrx_word' id='word_1_32' title='bbox 357 825 391 893; x_wconf 90' lang='lat' dir='ltr'>in</span> <span class='ocrx_word' id='word_1_33' title='bbox 406 823 492 894; x_wconf 84' lang='lat' dir='ltr'>foliis</span> <span class='ocrx_word' id='word_1_34' title='bbox 504 842 551 921; x_wconf 67' lang='lat'>‘75</span> <span class='ocrx_word' id='word_1_35' title='bbox 574 820 611 893; x_wconf 74' lang='grc' dir='ltr'>δι</span> <span class='ocrx_word' id='word_1_36' title='bbox 627 825 688 917; x_wconf 83' lang='grc'>76.</span> <span class='ocrx_word' id='word_1_37' title='bbox 703 826 775 898; x_wconf 87' lang='lat' dir='ltr'>Plu-</span> 
     </span>
     <span class='ocr_line' id='line_1_8' title="bbox 87 920 775 1014; baseline 0.009 -26"><span class='ocrx_word' id='word_1_38' title='bbox 87 941 140 988; x_wconf 86' lang='lat' dir='ltr'>res</span> <span class='ocrx_word' id='word_1_39' title='bbox 159 920 226 990; x_wconf 79' lang='lat' dir='ltr'>fimt</span> <span class='ocrx_word' id='word_1_40' title='bbox 245 922 383 992; x_wconf 81' lang='lat' dir='ltr'>tacunae</span> <span class='ocrx_word' id='word_1_41' title='bbox 402 969 414 1007; x_wconf 91' lang='lat'>,</span> <span class='ocrx_word' id='word_1_42' title='bbox 444 944 545 1014; x_wconf 90' lang='lat' dir='ltr'>quum</span> <span class='ocrx_word' id='word_1_43' title='bbox 567 920 640 990; x_wconf 86' lang='lat' dir='ltr'>alibi</span> <span class='ocrx_word' id='word_1_44' title='bbox 665 921 775 994; x_wconf 83' lang='lat' dir='ltr'>versus</span> 
     </span>
     <span class='ocr_line' id='line_1_9' title="bbox 90 1013 775 1112; baseline 0.013 -30"><span class='ocrx_word' id='word_1_45' title='bbox 90 1014 187 1086; x_wconf 76' lang='lat' dir='ltr'>modti</span> <span class='ocrx_word' id='word_1_46' title='bbox 206 1019 359 1112; x_wconf 86' lang='lat' dir='ltr'>integri,</span> <span class='ocrx_word' id='word_1_47' title='bbox 379 1014 484 1086; x_wconf 71' lang='lat' dir='ltr'>modi)</span> <span class='ocrx_word' id='word_1_48' title='bbox 505 1013 660 1088; x_wconf 87' lang='lat' dir='ltr'>dimidiati</span> <span class='ocrx_word' id='word_1_49' title='bbox 681 1017 775 1091; x_wconf 78' lang='lat' dir='ltr'>fimul</span> 
     </span>
     <span class='ocr_line' id='line_1_10' title="bbox 87 1110 776 1201; baseline 0.009 -21"><span class='ocrx_word' id='word_1_50' title='bbox 87 1135 159 1182; x_wconf 90' lang='lat' dir='ltr'>cum</span> <span class='ocrx_word' id='word_1_51' title='bbox 175 1116 376 1185; x_wconf 85' lang='lat' dir='ltr'>membrana</span> <span class='ocrx_word' id='word_1_52' title='bbox 393 1110 487 1183; x_wconf 80' lang='lat' dir='ltr'>excisi</span> <span class='ocrx_word' id='word_1_53' title='bbox 507 1110 586 1201; x_wconf 82' lang='lat' dir='ltr'>fint,</span> <span class='ocrx_word' id='word_1_54' title='bbox 607 1112 711 1187; x_wconf 76' lang='lat' dir='ltr'>modi&gt;</span> <span class='ocrx_word' id='word_1_55' title='bbox 729 1116 776 1194; x_wconf 84' lang='lat' dir='ltr'>lit·</span> 
     </span>
     <span class='ocr_line' id='line_1_11' title="bbox 84 1208 773 1307; baseline 0.007 -30"><span class='ocrx_word' id='word_1_56' title='bbox 84 1210 159 1279; x_wconf 88' lang='lat' dir='ltr'>teris</span> <span class='ocrx_word' id='word_1_57' title='bbox 175 1212 221 1281; x_wconf 78' lang='lat' dir='ltr'>ita</span> <span class='ocrx_word' id='word_1_58' title='bbox 240 1211 367 1282; x_wconf 87' lang='lat' dir='ltr'>detritis</span> <span class='ocrx_word' id='word_1_59' title='bbox 379 1228 434 1280; x_wconf 80' lang='lat' dir='ltr'>aut</span> <span class='ocrx_word' id='word_1_60' title='bbox 449 1208 562 1280; x_wconf 87' lang='lat' dir='ltr'>deletis</span> <span class='ocrx_word' id='word_1_61' title='bbox 577 1211 773 1307; x_wconf 84' lang='lat' dir='ltr'>conscripti,</span> 
     </span>
     <span class='ocr_line' id='line_1_12' title="bbox 85 1303 772 1401; baseline 0.004 -25"><span class='ocrx_word' id='word_1_62' title='bbox 85 1322 120 1376; x_wconf 93' lang='lat' dir='ltr'>ut</span> <span class='ocrx_word' id='word_1_63' title='bbox 137 1305 263 1379; x_wconf 88' lang='lat' dir='ltr'>restitui</span> <span class='ocrx_word' id='word_1_64' title='bbox 279 1331 351 1376; x_wconf 91' lang='lat' dir='ltr'>non</span> <span class='ocrx_word' id='word_1_65' title='bbox 367 1303 494 1401; x_wconf 86' lang='lat' dir='ltr'>poffint.</span> <span class='ocrx_word' id='word_1_66' title='bbox 515 1305 686 1401; x_wconf 84' lang='lat' dir='ltr'><strong>Quidquid</strong></span> <span class='ocrx_word' id='word_1_67' title='bbox 705 1307 772 1398; x_wconf 80' lang='lat' dir='ltr'>sit,</span> 
     </span>
     <span class='ocr_line' id='line_1_13' title="bbox 84 1399 769 1499; baseline 0.006 -29"><span class='ocrx_word' id='word_1_68' title='bbox 84 1400 167 1473; x_wconf 83' lang='lat' dir='ltr'>inde·</span> <span class='ocrx_word' id='word_1_69' title='bbox 181 1405 298 1493; x_wconf 83' lang='lat' dir='ltr'>saltem</span> <span class='ocrx_word' id='word_1_70' title='bbox 315 1403 385 1497; x_wconf 80' lang='lat' dir='ltr'>spes</span> <span class='ocrx_word' id='word_1_71' title='bbox 404 1401 449 1472; x_wconf 88' lang='lat' dir='ltr'>est</span> <span class='ocrx_word' id='word_1_72' title='bbox 464 1399 554 1496; x_wconf 69' lang='lat' dir='ltr'>posse</span> <span class='ocrx_word' id='word_1_73' title='bbox 569 1402 691 1499; x_wconf 83' lang='lat' dir='ltr'>aliquid</span> <span class='ocrx_word' id='word_1_74' title='bbox 708 1405 769 1474; x_wconf 78' lang='lat' dir='ltr'>ali-</span> 
     </span>
     <span class='ocr_line' id='line_1_14' title="bbox 88 1497 773 1594; baseline 0.003 -25"><span class='ocrx_word' id='word_1_75' title='bbox 88 1499 227 1590; x_wconf 88' lang='lat' dir='ltr'>quando</span> <span class='ocrx_word' id='word_1_76' title='bbox 245 1499 399 1594; x_wconf 78' lang='lat' dir='ltr'>reperiri,</span> <span class='ocrx_word' id='word_1_77' title='bbox 420 1497 508 1569; x_wconf 86' lang='lat' dir='ltr'>unde</span> <span class='ocrx_word' id='word_1_78' title='bbox 528 1518 677 1572; x_wconf 87' lang='lat' dir='ltr'>veterum</span> <span class='ocrx_word' id='word_1_79' title='bbox 699 1500 773 1571; x_wconf 87' lang='lat' dir='ltr'>scri·</span> 
     </span>
     <span class='ocr_line' id='line_1_15' title="bbox 90 1596 774 1689; baseline 0.001 -26"><span class='ocrx_word' id='word_1_80' title='bbox 90 1613 174 1687; x_wconf 84' lang='lat' dir='ltr'>pta,</span> <span class='ocrx_word' id='word_1_81' title='bbox 195 1620 268 1689; x_wconf 77' lang='lat' dir='ltr'>quae</span> <span class='ocrx_word' id='word_1_82' title='bbox 284 1614 430 1688; x_wconf 87' lang='lat' dir='ltr'>corrupta</span> <span class='ocrx_word' id='word_1_83' title='bbox 447 1612 504 1666; x_wconf 83' lang='lat' dir='ltr'>aut</span> <span class='ocrx_word' id='word_1_84' title='bbox 519 1596 665 1664; x_wconf 87' lang='lat' dir='ltr'>mutilata</span> <span class='ocrx_word' id='word_1_85' title='bbox 680 1597 774 1664; x_wconf 82' lang='lat' dir='ltr'>trans·</span> 
     </span>
     <span class='ocr_line' id='line_1_16' title="bbox 89 1690 773 1788; baseline 0.001 -29"><span class='ocrx_word' id='word_1_86' title='bbox 89 1690 177 1761; x_wconf 80' lang='lat' dir='ltr'>misit</span> <span class='ocrx_word' id='word_1_87' title='bbox 192 1693 242 1765; x_wconf 75' lang='lat' dir='ltr'>adv</span> <span class='ocrx_word' id='word_1_88' title='bbox 252 1718 311 1764; x_wconf 88' lang='lat' dir='ltr'>nos</span> <span class='ocrx_word' id='word_1_89' title='bbox 325 1695 472 1788; x_wconf 88' lang='lat' dir='ltr'>priorum</span> <span class='ocrx_word' id='word_1_90' title='bbox 488 1690 670 1775; x_wconf 83' lang='lat' dir='ltr'>seculorum</span> <span class='ocrx_word' id='word_1_91' title='bbox 684 1691 773 1785; x_wconf 83' lang='lat' dir='ltr'>igno-</span> 
     </span>
     <span class='ocr_line' id='line_1_17' title="bbox 89 1782 770 1877; baseline 0.001 -18"><span class='ocrx_word' id='word_1_92' title='bbox 89 1790 190 1861; x_wconf 86' lang='lat' dir='ltr'>rantia</span> <span class='ocrx_word' id='word_1_93' title='bbox 202 1809 219 1877; x_wconf 85' lang='lat'>,&#39;</span> <span class='ocrx_word' id='word_1_94' title='bbox 237 1782 590 1864; x_wconf 77' lang='lat' dir='ltr'>certius&#39;emendennr</span> <span class='ocrx_word' id='word_1_95' title='bbox 637 1807 693 1858; x_wconf 86' lang='lat' dir='ltr'>aut</span> <span class='ocrx_word' id='word_1_96' title='bbox 714 1814 770 1860; x_wconf 87' lang='lat' dir='ltr'>ex·</span> 
     </span>
     <span class='ocr_line' id='line_1_18' title="bbox 87 1840 770 1986; baseline -0.001 -30"><span class='ocrx_word' id='word_1_97' title='bbox 87 1887 261 1980; x_wconf 62' lang='lat' dir='ltr'>pleantur,</span> <span class='ocrx_word' id='word_1_98' title='bbox 285 1885 307 1961; x_wconf 83' lang='lat' dir='ltr'>si</span> <span class='ocrx_word' id='word_1_99' title='bbox 327 1888 382 1980; x_wconf 91' lang='lat' dir='ltr'>qui</span> <span class='ocrx_word' id='word_1_100' title='bbox 400 1883 533 1956; x_wconf 85' lang='lat' dir='ltr'>codices</span> <span class='ocrx_word' id='word_1_101' title='bbox 548 1840 705 1986; x_wconf 69' lang='lat' dir='ltr'>ejutinodi</span> <span class='ocrx_word' id='word_1_102' title='bbox 726 1912 770 1956; x_wconf 83' lang='lat' dir='ltr'>re·</span> 
     </span>
     <span class='ocr_line' id='line_1_19' title="bbox 77 1977 769 2151; baseline -0.009 0"><span class='ocrx_word' id='word_1_103' title='bbox 77 1977 487 2151; x_wconf 37' lang='lat' dir='ltr'>{deistunt</span> <span class='ocrx_word' id='word_1_104' title='bbox 515 1979 589 2069; x_wconf 39' lang='grc' dir='ltr'>ὦ»</span> <span class='ocrx_word' id='word_1_105' title='bbox 616 1980 769 2076; x_wconf 52' lang='lat' dir='ltr'>utu</span> 
     </span>
     <span class='ocr_line' id='line_1_20' title="bbox 138 2170 768 2267; baseline -0.006 -19"><span class='ocrx_word' id='word_1_106' title='bbox 138 2175 281 2265; x_wconf 76' lang='lat' dir='ltr'>Huiusce</span> <span class='ocrx_word' id='word_1_107' title='bbox 293 2174 442 2245; x_wconf 84' lang='lat' dir='ltr'>editionis</span> <span class='ocrx_word' id='word_1_108' title='bbox 452 2170 567 2243; x_wconf 84' lang='lat' dir='ltr'>nostrae</span> <span class='ocrx_word' id='word_1_109' title='bbox 580 2175 697 2267; x_wconf 88' lang='lat' dir='ltr'>cuique</span> <span class='ocrx_word' id='word_1_110' title='bbox 709 2198 768 2244; x_wconf 88' lang='lat' dir='ltr'>vo·</span> 
     </span>
     <span class='ocr_line' id='line_1_21' title="bbox 86 2266 770 2360; baseline -0.006 -17"><span class='ocrx_word' id='word_1_111' title='bbox 86 2273 201 2343; x_wconf 91' lang='lat' dir='ltr'>lumini</span> <span class='ocrx_word' id='word_1_112' title='bbox 223 2273 293 2342; x_wconf 85' lang='lat' dir='ltr'>suus</span> <span class='ocrx_word' id='word_1_113' title='bbox 314 2270 411 2340; x_wconf 87' lang='lat' dir='ltr'>index</span> <span class='ocrx_word' id='word_1_114' title='bbox 433 2266 624 2360; x_wconf 80' lang='lat' dir='ltr'>subjicietur.</span> <span class='ocrx_word' id='word_1_115' title='bbox 640 2270 770 2340; x_wconf 91' lang='lat' dir='ltr'>Tomus</span> 
     </span>
     <span class='ocr_line' id='line_1_22' title="bbox 86 2364 767 2462; baseline -0.012 -22"><span class='ocrx_word' id='word_1_116' title='bbox 86 2370 247 2454; x_wconf 84' lang='lat' dir='ltr'>ultimus,</span> <span class='ocrx_word' id='word_1_117' title='bbox 281 2386 398 2462; x_wconf 79' lang='lat' dir='ltr'>praeter</span> <span class='ocrx_word' id='word_1_118' title='bbox 428 2366 588 2459; x_wconf 84' lang='lat' dir='ltr'>epitomas</span> <span class='ocrx_word' id='word_1_119' title='bbox 613 2364 767 2437; x_wconf 87' lang='lat' dir='ltr'>librorum</span> 
     </span>
     <span class='ocr_line' id='line_1_23' title="bbox 86 2460 770 2555; baseline -0.012 -18"><span class='ocrx_word' id='word_1_120' title='bbox 86 2463 269 2536; x_wconf 79' lang='lat' dir='ltr'>amiisorum</span> <span class='ocrx_word' id='word_1_121' title='bbox 282 2517 293 2552; x_wconf 87' lang='lat'><strong>‚</strong></span> <span class='ocrx_word' id='word_1_122' title='bbox 316 2463 488 2534; x_wconf 88' lang='lat' dir='ltr'>sententias</span> <span class='ocrx_word' id='word_1_123' title='bbox 501 2487 634 2555; x_wconf 91' lang='lat' dir='ltr'>quoque</span> <span class='ocrx_word' id='word_1_124' title='bbox 645 2460 688 2531; x_wconf 81' lang='lat' dir='ltr'>ad</span> <span class='ocrx_word' id='word_1_125' title='bbox 699 2486 770 2530; x_wconf 84' lang='lat' dir='ltr'>mo-</span> 
     </span>
     <span class='ocr_line' id='line_1_24' title="bbox 87 2553 768 2651; baseline -0.009 -17"><span class='ocrx_word' id='word_1_126' title='bbox 87 2587 133 2634; x_wconf 83' lang='lat' dir='ltr'>res</span> <span class='ocrx_word' id='word_1_127' title='bbox 146 2615 158 2651; x_wconf 93' lang='lat'>‚</span> <span class='ocrx_word' id='word_1_128' title='bbox 173 2561 217 2634; x_wconf 81' lang='lat' dir='ltr'>ad</span> <span class='ocrx_word' id='word_1_129' title='bbox 234 2560 365 2632; x_wconf 81' lang='lat' dir='ltr'>civilem</span> <span class='ocrx_word' id='word_1_130' title='bbox 379 2558 612 2651; x_wconf 80' lang='lat' dir='ltr'>militaremque</span> <span class='ocrx_word' id='word_1_131' title='bbox 629 2553 768 2650; x_wconf 87' lang='lat' dir='ltr'>pruden-</span> 
     </span>
     <span class='ocr_line' id='line_1_25' title="bbox 86 2655 769 2755; baseline -0.009 -26"><span class='ocrx_word' id='word_1_132' title='bbox 86 2659 163 2729; x_wconf 87' lang='lat' dir='ltr'>tiam</span> <span class='ocrx_word' id='word_1_133' title='bbox 185 2659 411 2755; x_wconf 85' lang='lat' dir='ltr'>pertinentes,</span> <span class='ocrx_word' id='word_1_134' title='bbox 438 2679 457 2724; x_wconf 91' lang='lat' dir='ltr'>e</span> <span class='ocrx_word' id='word_1_135' title='bbox 479 2655 576 2725; x_wconf 88' lang='lat' dir='ltr'>Livio</span> <span class='ocrx_word' id='word_1_136' title='bbox 600 2669 769 2742; x_wconf 79' lang='lat' dir='ltr'>excerptas</span> 
     </span>
     <span class='ocr_line' id='line_1_26' title="bbox 87 2746 771 2848; baseline -0.009 -20"><span class='ocrx_word' id='word_1_137' title='bbox 87 2754 163 2831; x_wconf 86' lang='lat' dir='ltr'>olim</span> <span class='ocrx_word' id='word_1_138' title='bbox 176 2781 197 2828; x_wconf 86' lang='lat' dir='ltr'>a</span> <span class='ocrx_word' id='word_1_139' title='bbox 211 2749 429 2842; x_wconf 67' lang='lat' dir='ltr'>corbineio,</span> <span class='ocrx_word' id='word_1_140' title='bbox 443 2747 703 2848; x_wconf 74' lang='lat' dir='ltr'>representabit,</span> <span class='ocrx_word' id='word_1_141' title='bbox 716 2746 771 2822; x_wconf 81' lang='lat' dir='ltr'>scd</span> 
     </span>
    </p>
   </div>
   <div class='ocr_carea' id='block_1_3' title="bbox 0 0 996 3600">
    <p class='ocr_par' dir='ltr' id='par_1_3' title="bbox 0 0 996 3600">
     <span class='ocr_line' id='line_1_27' title="bbox 0 0 996 3600; baseline 0 0"><span class='ocrx_word' id='word_1_142' title='bbox 0 0 996 3600; x_wconf 95' lang='lat' dir='ltr'> </span> 
     </span>
    </p>
   </div>
  </div>
 </body>
</html>
