1984 3600
256 243 323 296 120
448 222 749 297 mirri

142 341 241 374 Β
251 341 340 402 statua
354 344 383 400 in
394 345 513 402 comitio
526 340 619 423 posita
634 365 643 416 ;
656 345 715 425 agri
727 359 865 424 quantum
875 359 928 402 uno

142 397 240 498 Bccssssdd]
252 424 298 483 die
318 426 535 498 circumaravit,
556 423 663 483 datum.
686 423 800 483 Privata
819 439 931 505 quoque

250 507 325 563 inter
338 503 469 586 publicos
484 504 611 563 honores
631 503 723 562 studia
743 504 904 563 eminebant
920 523 926 562 :

251 597 319 645 n'am
330 587 359 643 in
369 605 470 666 magna
481 587 531 644 ino
551 586 579 642 ia
593 605 648 664 pro
662 583 830 644 domesticis
844 584 934 664 copiis*

251 664 440 748 unusquisque
461 667 488 725 ei
510 607 640 746 aliqud,
663 664 806 726 fraudans
821 664 850 725 se
874 667 927 746 ipe

252 746 329 806 vidlu
346 745 416 819 suo,
434 747 564 805 contulit.

174 862 197 886 or
206 863 242 887 aaa
292 826 344 887 XI.
360 823 482 887 Porsena
491 829 585 908 primo
598 844 701 886 conatu
709 825 855 909 repulsus,
866 845 925 886 con·

142 899 223 985 2⁷⁵“20
252 905 319 967 siliis
338 908 373 967 ab
389 930 469 989 oppu
489 908 582 966 nanda
596 908 667 966 urbe
690 907 727 967 ad
746 907 924 968 obsidendam

250 986 358 1064 versis,
376 928 506 1071 praesidio
515 990 546 1046 in
560 987 688 1049 laniculo
701 989 818 1061 locato,
830 986 922 1069 ipsein

251 1069 337 1149 plano
355 1068 478 1153 ripisque
500 1067 614 1128 Tiberis
636 1066 726 1127 castra
744 1067 841 1150 posuit
858 1091 867 1141 3
883 1081 926 1125 nai

249 1147 334 1208 vibus
350 1149 476 1231 undique
487 1151 603 1224 accitis,
616 1150 649 1210 δι
659 1148 696 1208 ad
711 1148 883 1219 custodiam,
891 1167 922 1206 ne

247 1229 318 1311 quid
334 1228 459 1290 Romam
473 1229 608 1289 frumenti
623 1227 746 1290 subvehi
763 1228 882 1303 sineret,
894 1229 930 1290 &²

246 1327 279 1370 ut
294 1311 451 1393 praedatum
464 1312 570 1370 milites
585 1310 780 1370 transflumen
790 1332 843 1392 per
851 1329 922 1371 octa·

247 1389 345 1451 fiones,
360 1392 421 1451 aliis
436 1409 520 1474 atque
536 1390 597 1450 aliis
611 1389 682 1449 locis
694 1389 840 1471 trajiceret
850 1414 859 1465 ;
868 1390 921 1448 bre·

247 1474 337 1553 vique
364 1473 437 1532 adeo
464 1470 597 1531 infestum
618 1491 738 1531 omnem
766 1472 919 1532 Romanum

242 1573 346 1634 agrurn
363 1552 508 1626 reddidit,
525 1569 558 1612 ut
583 1572 642 1612 non
663 1569 759 1611 cetera
778 1551 868 1612 sollun
890 1569 920 1608 ex

246 1638 320 1716 agris
334 1679 344 1708 ‚
358 1632 407 1694 sed
425 1654 513 1715 pecus
535 1652 651 1715 quoque
669 1635 810 1691 omnein
830 1632 919 1692 urbem

247 1715 486 1796 compelleretur,
503 1732 597 1794 neque
611 1710 760 1795 quisquam
775 1729 853 1772 extra
863 1731 920 1793 por-

245 1813 287 1854 tas
327 1795 469 1876 ropellere
488 1794 616 1855 auderet.
634 1792 702 1853 Hoc
720 1810 831 1854 tantum
844 1793 925 1853 licen·v

244 1870 290 1935 tlae
304 1818 426 1934 {muscis
439 1920 448 1948 ‚
462 1895 522 1933 non
538 1891 619 1934 metu
636 1896 667 1933 m
703 1876 743 1948 's,
763 1875 849 1958 quim
861 1893 919 1934 con·

244 1953 327 2029 silio,
342 1953 520 2015 concellum:
533 1975 657 2036 namque
701 1955 804 2015 alerius
815 1953 917 2025 consul,

244 2037 367 2095 intentus
385 2038 415 2095 in
431 2033 610 2095 occasionem
629 2035 736 2095 multos
748 2034 831 2095 srmul
842 2039 873 2097 δι
884 2032 918 2094 es·

244 2114 321 2176 fusos
335 2117 495 2198 improviso
513 2116 683 2182 adoriundi,
694 2118 724 2174 in
734 2120 829 2198 parvis
842 2114 918 2176 rebus

244 2199 392 2280 negligens
408 2197 503 2270 ultor,
563 2217 633 2256 vem
649 2195 677 2257 se
690 2196 726 2256 ad
743 2195 853 2278 majora
864 2197 918 2256 vin·

246 2278 342 2338 dicem
361 2277 498 2339 servabat.
533 2294 638 2359 taque,
657 2294 690 2336 ut
713 2276 831 2337 eliceret
853 2296 918 2358 prae·

171 2432 175 2439 .
245 2358 378 2430 datores,
397 2359 485 2421 edicit
500 2357 697 2439 suis,postero
708 2358 755 2417 die
764 2357 917 2438 frequentes

163 2442 167 2448 '
245 2438 330 2518 portal
344 2437 506 2518 Esquilini,
521 2460 585 2520 quae
605 2436 775 2498 averfiffima
793 2439 828 2497 ab
846 2433 920 2498 hoste

246 2534 325 2592 erat,
341 2519 516 2599 expellerent
533 2539 621 2600 pecus
633 2540 642 2592 ;
652 2516 771 2579 scituros
785 2520 816 2579 id
831 2515 916 2577 hostes

244 2614 338 2669 ratus,
353 2599 433 2680 quod
451 2600 482 2657 in
498 2597 647 2658 obsidione
669 2601 701 2660 &
720 2598 797 2659 same
816 2598 917 2658 servitia

243 2676 332 2737 infida
350 2678 565 2762 transfugerent.
579 2677 615 2737 Et
633 2677 721 2739 sciere
741 2678 866 2761 perfuga
878 2680 916 2735 in-

243 2759 320 2818 dicio
334 2782 343 2834 3
358 2759 506 2841 multdque
527 2759 642 2840 plures,
661 2776 693 2819 ut
712 2761 742 2817 in
763 2759 844 2842 spem
860 2758 917 2817 uni-

241 2838 331 2911 versae
342 2842 446 2925 praedae
452 2886 463 2919 ‚
476 2841 584 2904 fltuuen
591 2838 742 2923 trajiciunt.
752 2840 784 2905 P.
794 2840 915 2979 Valerips

856 2939 883 2980 ΙΙ]
901 2934 914 2977 θ
