1984 3600
236 231 312 325 '48'4
437 231 475 306 T.
526 236 555 303 L
580 249 599 305 r
625 244 749 304 eft-1

131 376 229 410 εει-.-
241 372 297 412 nec
312 349 452 412 Romanis
469 348 562 413 solum
581 352 619 412 eo
633 347 867 412 convenientibus
877 354 913 406 tr·

132 428 176 525 ΡΟ(
187 432 231 518 ³5<¹
243 434 316 516 agris
328 478 338 507 ‚
353 434 401 515 qui
413 434 519 513 proelio
536 433 676 508 adverso,
687 450 739 492 aut
749 431 835 492 clade
844 444 904 509 tapoe

145 508 151 521 ’
174 497 224 544 '³⁴
243 515 322 574 urbis
342 513 427 595 palati
449 512 583 588 fuerant,
602 512 651 574 sed
675 515 764 573 etiam
791 532 827 571 ex
847 511 908 570 lario

242 596 410 657 voluntariis
424 595 655 670 confluentibus,
667 597 740 653 utin
759 609 839 675 parte
854 611 913 672 prae⁴

244 675 290 736 dae
305 674 400 735 essent.
420 673 568 735 Maturum
589 673 647 748 iam
664 676 819 735 videbatur
835 669 909 752 repeti
967 675 968 678 ’

268 758 394 829 atnam,
415 757 544 837 eripique
562 776 598 815 ex
622 754 744 815 hostium
770 753 909 814 manibus:

245 776 294 898 ied
311 839 425 917 corpori
441 835 539 897 valido
548 853 633 917 caput
642 836 746 896 deerat.
757 836 851 897 Locus
862 829 909 913 ipse
965 816 968 931 ζ

245 916 419 977 admonebat
435 915 575 991 Camilli,
595 918 627 977 ὃ(
650 938 751 1000 magna
768 936 831 998 pars
849 912 909 973 mili-

245 1014 308 1058 tum
329 1015 407 1070 erat,
424 1000 474 1077 qui
491 996 576 1057 dudlu
600 994 783 1081 auspicioque
802 994 859 1077 ejus
874 1012 911 1053 res

245 1076 383 1161 prospere
403 1075 561 1162 gellerant3
578 1078 610 1137 &
624 1074 767 1140 Caedicius
779 1096 873 1160 negare
886 1071 908 1133 se
963 1058 968 1096 Ἰ

247 1157 478 1232 commissurum,
493 1177 542 1217 cur
554 1156 606 1216 sibi
622 1176 670 1219 aut
682 1160 801 1220 deorum
817 1173 860 1217 aut
868 1156 909 1215 ho·
965 1139 968 1197 l

247 1241 359 1301 minum
397 1240 525 1320 uisquam
535 1241 691 1320 imperium
709 1240 799 1301 finiret
809 1238 906 1320 potiris,
963 1221 968 1259 ἃ

163 1402 184 1440 Α
213 1399 228 1450 s
249 1319 336 1403 quim
346 1262 405 1403 ipse
421 1341 535 1380 memor
548 1319 657 1379 ordinis
674 1319 716 1414 sui
732 1320 904 1455 ροῖεοτεξὶιὲἴ
963 1305 968 1424 ἶ

94 1450 231 1543 ,cunis
251 1398 901 1552 iiiii‘ediiiieicsirifiiisadiiiinn
950 1441 968 1503 ³⁴³

251 1562 348 1623 senatu
359 1607 371 1634 ‚
382 1564 430 1644 qui
440 1561 543 1621 Romae
561 1560 629 1621 esset
639 1585 647 1623 ε
659 1564 735 1623 adeo
746 1563 846 1645 regebat
854 1579 903 1619 om·
951 1561 958 1632 l

250 1646 299 1704 nia
308 1644 422 1726 pudor,
434 1641 651 1724 discriminaque
660 1665 754 1703 rerum
765 1643 844 1725 propi
854 1661 903 1725 ptr-

252 1726 319 1785 ditis
352 1723 437 1783 rebus
466 1721 626 1783 servabant.
661 1722 772 1808 Ingenti
799 1721 904 1807 periculo

967 1545 968 1559 l

966 1632 968 1644 s

966 1693 968 1751 l

966 1796 968 1807 4

251 1804 452 1876 transeundum
471 1825 524 1945 pet
543 1803 668 1865 hostium
686 1804 817 1866 custodias
837 1820 903 1865 erat:
966 1813 968 1833 ¹

252 1888 368 1947 adeam
392 1907 454 1945 rent
499 1888 594 1947 ontius
619 1883 787 1960 Cominius,
804 1889 903 1968 inpiger
964 1881 968 1916 ³

250 1966 388 2049 juvenis,
404 1987 523 2048 operam
539 1966 704 2047 pollicitus,
721 1967 839 2026 incubans
852 1986 901 2025 cor·
950 1940 968 2039 ‚¹

253 2049 321 2119 tici,
337 2045 462 2106 secundo
479 2045 581 2106 Tiberi
605 2047 642 2106 ad
665 2047 766 2107 urbem
780 2046 897 2106 defertur:
967 2070 968 2078 ¹

253 2127 338 2202 inde,
351 2125 406 2209 qui
421 2130 587 2209 proximum
604 2125 658 2186 fuit
673 2150 691 2186 a
703 2131 762 2210 ripa
772 2173 780 2201 ‚
790 2149 831 2210 per
841 2147 898 2206 pra·
949 2182 954 2195 ,

254 2226 371 2289 ruptum
383 2206 476 2290 edque
486 2207 649 2290 negledlum
663 2207 783 2268 hostium
793 2204 895 2268 custodia
948 2218 954 2255 Ξ

255 2289 371 2363 saxum,
390 2290 420 2347 in
435 2287 613 2369 Capitolium
635 2290 733 2348 evadit
745 2312 756 2364 ;
769 2291 796 2351 ὃ(
808 2287 835 2346 ad
847 2307 896 2345 tna·

255 2370 384 2452 gistratus
396 2368 492 2430 duetus
503 2368 634 2427 mandata
643 2370 778 2430 exercitiis
790 2369 840 2428 edit.
850 2364 892 2427 Ac·

256 2469 343 2531 cepto
356 2450 423 2509 inde
435 2448 545 2509 senatis
561 2448 701 2525 decreto,
720 2453 789 2512 ut&
802 2447 887 2508 comitis

257 2532 371 2589 curiatis
388 2548 539 2590 revocatus
556 2529 593 2589 de
609 2528 733 2605 exsilio,
748 2528 807 2611 jussu
820 2523 884 2611 pupis!
946 2552 952 2663 Ι

88 2617 93 2627 “
166 2617 209 2678 ,emi
227 2628 247 2653 ¹¹³
260 2607 399 2671 Camillus
416 2609 534 2671 didator
552 2612 702 2691 extemplo
721 2606 883 2677 diceremini

165 2677 230 2727 ἐφ’
260 2690 379 2772 litesque
395 2690 532 2750 haherent
544 2692 767 2772 imperatorem,
777 2683 888 2775 quenvd⁴

260 2773 339 2843 lent,
356 2772 459 2832 eidem
473 2769 614 2853 degressus
631 2772 747 2833 nuntius
762 2772 828 2834 Veios
839 2786 892 2825 tou·

240 2875 244 2880 ’
260 2853 352 2932 tendit
366 2876 376 2929 ς
393 2849 521 2937 miliique
537 2850 666 2915 Ardeam
675 2852 763 2937 legati
773 2853 804 2917 ad
815 2846 896 2931 Cauil:
943 2890 948 2899 -

936 3080 952 3557 l
