1984 3600
243 249 290 315 42
439 225 477 294 T.
526 226 737 296 Ltrrr

236 333 326 423 firm·
345 356 375 399 ut
386 336 473 419 fefflrs
490 336 666 419 confeiiosqur
681 384 691 415 ,
704 340 788 419 simul
802 340 945 401 vitiorem

242 444 280 483 ac
299 424 416 492 vibium,
435 424 630 502 aggredianmr.
650 422 766 500 Itaque,
774 421 803 500 fi
819 444 884 481 nos
901 426 943 481 dii

245 520 341 563 amant
348 546 359 573 ,
372 504 500 581 quoniam
512 525 567 561 non
577 504 693 561 conmti
705 503 828 561 libertate
844 503 926 561 cerni
932 545 943 573 ‚

243 585 276 643 in
294 584 404 642 dubiam
428 584 530 662 imperii
546 580 702 661 finitimique
722 585 812 641 aleam
839 584 943 654 haus,

245 665 368 725 ineamus
386 663 507 743 aliquam
526 666 623 733 viam,
642 664 696 742 qua*
713 666 766 722 utri
787 664 866 721 utris
888 664 942 721 im-

242 762 353 827 perent,
364 744 422 823 fine
441 764 541 823 magna
565 743 663 814 clade,
677 745 735 822 fine
759 745 850 802 multo
868 741 943 820 san·

244 827 325 906 gaiae
342 822 473 902 utriusque
486 825 604 905 populi,
622 825 723 882 decemi
734 823 823 903 pofflt.
847 822 940 881 Haud

247 902 376 984 displicet
386 924 431 962 res
441 901 549 976 Tullo,
566 924 738 984 quamquam
755 920 818 962 tum
831 901 940 962 indole

147 1011 149 1015 ·
246 985 353 1058 animi,
381 999 444 1042 tum
473 982 522 1064 spe
549 982 675 1043 viiioriae
703 981 831 1043 ferocior
866 998 936 1042 erat.

248 1061 452 1141 Quaerentibus
471 1065 613 1144 utrimque
628 1064 700 1123 ratio
715 1064 821 1134 initur,
839 1065 891 1123 cui
906 1063 938 1124 ἃ

246 1141 361 1212 somma
378 1140 438 1223 ipsa
459 1142 580 1224 praebuir
599 1145 754 1204 materiam.

139 1250 237 1290 unmo-
287 1222 398 1286 XXIV.
417 1222 503 1286 Forte
523 1225 552 1282 in
575 1222 688 1284 duobus
712 1240 775 1283 tum
794 1221 935 1285 exerciti·
978 1281 979 1292 ,

138 1298 237 1386 25:525..
247 1302 301 1372 bus
320 1321 401 1363 erant
415 1305 558 1386 trigemini
571 1302 690 1377 fratres,
707 1323 761 1363 nec
774 1319 862 1364 aetate
880 1321 935 1363 nec

139 1410 234 1435 rumm-
248 1383 356 1451 vitibus
392 1382 526 1465 dispares.
559 1384 695 1444 Horatios
730 1381 932 1465 Curiatiosque
978 1365 980 1452 i

138 1458 231 1544 mn
249 1462 328 1524 fuisse
342 1462 404 1525 satis
421 1462 530 1526 constat
548 1483 626 1538 3nec
644 1461 735 1523 ferme
753 1483 801 1523 res
814 1467 933 1544 antiqua
978 1463 979 1506 7

141 1550 178 1581 W·
248 1544 304 1605 alia
325 1543 367 1606 est
384 1544 510 1605 nobilior
528 1567 535 1605 ε
552 1561 648 1604 tamen
673 1545 703 1601 in
722 1564 752 1603 te
772 1560 834 1604 tam
858 1545 931 1605 clara

249 1627 398 1687 nominum
418 1646 497 1685 error
514 1641 630 1698 manet,
643 1626 730 1682 utrius
746 1626 854 1764 gopuli
868 1625 933 1684 Ho-

249 1708 331 1782 tatii,
343 1708 429 1766 utrius
442 1703 562 1766 Curiatii
572 1704 684 1764 fuerim.
697 1701 746 1763 Au
772 1725 841 1765 ores
851 1704 932 1765 utri>-

270 1808 306 1847 ue
323 1786 436 1847 trahunt
456 1809 466 1860 3
482 1785 577 1867 plures
597 1802 693 1846 tamen
708 1786 828 1846 invenio
848 1833 859 1861 ‚
883 1785 930 1868 qui

248 1808 397 1929 iomanes
411 1865 547 1927 Horatios
557 1883 680 1927 vocent:
695 1865 752 1926 hos
762 1882 794 1925 ut
807 1864 929 1952 sequar,

248 1946 364 2009 inclinat
385 1947 504 2007 animus.
522 1944 599 2007 Cum
614 1947 801 2028 trigeminisa
821 1963 874 2006 unt
888 1966 929 2005 re-

270 2046 320 2100 es,
335 2042 367 2085 ut
389 2047 443 2106 pro
470 2024 518 2085 sua
540 2024 657 2107 quisque
680 2025 781 2107 patria
795 1966 930 2086 ‹iimicent

248 2046 326 2165 intro
342 2127 349 2165 ε
367 2107 407 2164 ibi
419 2103 637 2186 imperiumfhre,
657 2108 728 2164 unde
746 2109 859 2166 viiioria
866 2103 929 2186 fite·
978 2134 979 2217 1

250 2187 291 2245 rit.
311 2183 390 2247 Nihil
408 2184 567 2247 recusatur:
580 2202 693 2267 tempus
712 2186 745 2249 &
761 2185 843 2247 locus
863 2207 929 2245 con·

248 2267 338 2326 venit.
355 2264 518 2347 Priusquam
536 2267 720 2338 dimicarent,
735 2262 831 2328 soedus
844 2266 929 2325 iiiam

249 2346 322 2404 inter
334 2345 481 2409 Romanos
495 2348 527 2405 &
542 2343 676 2404 Albanos
690 2343 731 2407 est
741 2345 785 2407 his
797 2347 927 2427 legibus,
978 2344 979 2373 i

250 2440 282 2482 ut
298 2423 432 2517 cujusque
453 2425 555 2517 populi
573 2425 650 2486 cives
662 2445 698 2486 eo
720 2429 873 2487 certamine
888 2426 928 2503 vi·

250 2501 367 2573 cissent,
386 2524 410 2562 is
428 2503 507 2564 alten
533 2504 644 2585 populo
670 2526 736 2568 cum
756 2505 835 2565 bona
860 2524 927 2588 pace

155 2616 240 2658 Med,
251 2583 566 2666 imperitaret.«Fuedeta
583 2584 637 2647 alia
656 2586 715 2645 aliis
736 2586 869 2669 legibus,
885 2605 928 2644 ce-

138 2666 222 2756 {53:²50st
250 2668 343 2727 renim
361 2663 467 2724 eodem
485 2665 577 2727 modo
599 2667 696 2728 omnia
710 2664 790 2725 fiunt.
803 2664 882 2736 Tum
893 2668 927 2724 ita

250 2742 354 2806 fastum
368 2747 530 2826 accepimus
542 2789 552 2818 ‚
566 2767 620 2806 nec
632 2746 717 2807 ullius
729 2744 870 2806 vetustior
877 2744 928 2805 soe·

251 2824 327 2889 deris
343 2828 483 2905 memoria
496 2825 547 2892 est.
564 2826 682 2891 Fecialis
699 2845 797 2912 regem
811 2818 927 2890 Tullum
