1984 3600
243 251 468 320 Lrnrrn
528 250 560 320 1.
708 274 749 346 91

23 355 25 360 ¹
74 358 228 427 sciscitamur
236 366 371 430 Romam
382 364 418 424 ad
433 380 546 447 patrem
556 363 663 439 mittit,
674 366 754 448 quid·

74 463 131 504 nam
154 445 182 508 se
205 447 305 510 facere
326 446 442 519 vellet,
467 445 701 528 quandoquidem
721 464 752 508 ut

74 526 162 586 omnia
172 549 244 589 unus
262 528 369 590 Gabiis
381 525 491 607 pollet,
511 528 539 586 ei
551 526 592 585 dii
607 524 750 589 dediffent.

74 603 142 666 Huic
158 612 282 684 nuntio,
299 606 504 692 quia,cre'do‚
518 606 613 666 dubiae
627 604 695 666 fidei
706 611 752 668 vi·

75 684 284 763 debatur‚nihil
298 709 375 749 voce
386 685 435 745 res
470 685 551 747 nsum
561 684 621 746 est:
638 708 688 748 rex
700 709 752 749 ve·

73 765 110 824 lut
123 766 364 830 deliberabundus
383 768 414 826 in
451 784 546 826 ortum
558 766 663 826 aedium
679 783 753 827 tratr-

75 842 125 916 fit,
141 845 275 930 sequente
296 848 399 909 nuntio
422 844 475 905 filii
494 847 556 906 :ibi
576 846 752 908 inambulans

49 933 55 940 ‘
77 927 192 1001 tacitus,
209 927 319 990 summa
336 946 511 1009 papaverum
535 928 626 1007 capita
651 927 752 986 dicitur

79 1003 176 1066 baculo
187 1006 337 1070 decuffiffe.
352 1004 580 1087 interrogando,
593 1002 753 1088 exspedlan·

84 1083 172 1166 doque
185 1088 349 1171 responsum
359 1087 474 1146 nuntius
489 1084 592 1159 sessus,
606 1103 638 1145 ut
651 1106 682 1146 re
696 1088 752 1147 im·

83 1165 216 1245 perfetta,
230 1169 303 1230 redit
315 1166 428 1228 Gabios
446 1188 456 1241 ;
509 1186 533 1224 ae
551 1166 654 1226 dixerit
671 1165 751 1248 ipse,

119 1268 141 1305 a
179 1250 310 1309 eviderit
332 1245 420 1308 refert
435 1187 507 1326 ²AE
524 1247 588 1316 ini,
599 1246 649 1325 seu
666 1250 750 1320 odio,

79 1266 254 1408 idedeinbiri
269 1330 348 1409 infitd
363 1327 486 1409 ingenio,
502 1327 605 1385 nullam
625 1349 684 1387 eum
702 1349 752 1387 vom

85 1426 135 1465 cem
149 1408 256 1487 emififfe.
265 1408 352 1469 Sexto
363 1408 431 1480 ubi,
448 1406 518 1486 quid
532 1406 623 1465 vellet
632 1426 752 1487 parens,

88 1485 189 1565 quidue
202 1492 359 1569 praeciperet
382 1487 475 1546 tacitis
492 1484 677 1566 ambagibus,
722 1506 754 1545 a·

88 1566 142 1624 tuit
160 1586 170 1638 ·,
187 1570 314 1647 primores
332 1568 475 1639 civitatis,
489 1562 666 1624 criminando
710 1566 754 1625 ios

93 1644 164 1724 apud
179 1648 323 1729 populum,
335 1649 406 1707 alios
424 1645 473 1705 sub
489 1642 566 1725 ipsos
583 1642 692 1703 invidia
703 1665 755 1726 op-

93 1742 219 1804 portunos
230 1730 383 1792 interemit:
396 1726 479 1790 multi
491 1724 586 1813 palam
597 1744 606 1803 3
618 1722 753 1806 quidam,

91 1806 225 1887 inquibus
246 1814 337 1871 minus
363 1805 489 1890 speciosa
517 1806 674 1865 criminatio
696 1822 755 1865 etat

91 1883 195 1962 sumta,
212 1891 280 1951 clam
306 1888 452 1951 interfeffi.
474 1886 566 1946 Patuit
588 1882 754 1967 quibusdam

91 1966 236 2030 volentibus
250 1971 315 2054 fuga
328 2017 338 2045 ,
351 1986 399 2029 aut
416 1971 446 2027 in
460 1965 590 2026 exsilium
606 1965 658 2024 aeli
670 1964 732 2026 sunt
743 1988 753 2041 ;

92 2044 283 2145 absentiumque
293 2052 371 2110 bona
385 2047 465 2129 juxti
475 2063 559 2127 atque
569 2047 754 2126 interempto-

93 2144 148 2184 rum
157 2128 248 2190 divisur
263 2130 351 2190 fuere.
366 2128 536 2210 Largitionis
553 2124 621 2184 inde
635 2125 753 2206 praedae-

94 2226 142 2285 que
155 2209 184 2267 &
194 2209 339 2274 dulcedine
359 2209 462 2291 privati
477 2205 624 2266 commodi
637 2249 646 2277 ,
659 2203 753 2264 sensus

94 2286 216 2348 malorum
230 2291 412 2372 publicorum
430 2286 518 2345 adimi
533 2308 542 2360 3
559 2285 671 2357 donec,
683 2285 754 2345 orba

97 2363 197 2427 consilio
207 2371 366 2452 auxilioque
380 2366 492 2428 Gabina
503 2386 548 2425 res
559 2411 569 2438 ‚
581 2366 640 2451 regi
648 2363 756 2425 Roma-

95 2462 129 2503 no
139 2444 190 2509 sine
198 2450 252 2508 ulla
262 2450 444 2515 dimicatione
453 2450 605 2507 inmanum
615 2445 740 2506 traditur.

130 2524 184 2586 LV.
198 2527 294 2590 Gabiis
309 2531 448 2610 receptis,
459 2526 631 2610 Tarquinius
651 2546 752 2607 pacem
789 2557 849 2596 Μ

98 2623 154 2663 111111
167 2607 320 2690 AEquorum
344 2626 427 2691 gente
449 2605 541 2668 fecit:
565 2606 661 2665 foedus
688 2610 843 2665 cum'=“1⁴“·

99 2678 183 2744 Tuscis
199 2691 354 2749 renovavit.
370 2687 440 2749 Inde
458 2688 494 2747 ad
516 2687 632 2768 negotia
649 2683 755 2747 urbana

100 2765 207 2824 animum
224 2771 364 2827 convertit
375 2790 384 2841 3
395 2789 516 2849 quorum
534 2782 592 2825 erat
611 2766 756 2856 primum,

100 2856 126 2907 111
137 2842 209 2911 lovis
221 2849 358 2937 templum
378 2850 408 2911 in
427 2863 525 2913 monte
537 2845 664 2931 Tarpeio
676 2886 686 2917 ,
696 2863 759 2905 mo·
