1984 3600
237 205 460 273 Lrnrn
518 201 581 270 ΙΙ.
682 223 749 296 149
977 204 979 255 t

103 319 110 334 '
125 338 185 400 que
199 319 332 392 vallum,
353 313 461 376 infestis
478 314 500 375 sr
541 317 563 374 's
586 313 746 376 constitere.
758 341 862 379 ·.-.-..=
971 326 979 401 1¹

99 399 253 460 ulritudine
266 399 444 479 aliquantinn
456 396 506 456 Vo
518 395 556 457 sci
571 393 748 477 superabant.
759 401 855 492 θεώ·

66 475 162 560 Itaque
175 477 256 539 effusi
269 479 500 559 &contemptim
509 496 635 558 pugnam
648 478 747 538 iniere.
758 464 776 491 ¹'
798 457 858 498 '⁴⁴²'

67 555 175 620 Consul
188 559 341 620 Romanus
355 579 409 616 nec
418 559 567 639 promovit
577 558 684 631 aciem,
694 578 748 618 nec

67 638 222 705 ,clamorem
244 639 330 700 reddi
370 636 459 711 assus,
475 636 577 699 defixis
615 637 660 697 iiis
677 636 748 697 stare

69 716 130 780 suos
143 717 219 800 jussit
233 720 305 780 :ubi
324 661 368 778 ad
376 738 492 779 manum
508 740 530 777 v
568 719 575 733 '
599 734 628 778 et
642 716 749 793 hostis,

69 814 128 857 rum
147 816 267 861 coortos
289 798 353 859 toti
377 800 409 860 vi
436 797 536 880 gladiis
557 818 619 858 rem
639 818 748 880 gerere.

70 876 187 953 Volsci,
200 878 284 940 cursu
299 881 334 941 &
354 879 477 938 clamore
497 874 582 951 seffi,
604 899 693 959 quum
720 877 749 938 se
977 926 979 947 ,

73 959 151 1018 velut
168 958 347 1042 stupentibus
367 975 448 1018 metu
467 956 618 1018 intulissent
639 957 749 1018 Roma-

77 1037 206 1119 nis,posi
246 1036 521 1120 amimpressionem
530 1037 637 1099 sensere
652 1059 688 1097 ex
698 1039 750 1098 ad-

78 1115 155 1187 yerso
173 1117 200 1178 sa
228 1141 296 1193 am,
313 1120 347 1181 δι
363 1135 427 1178 ante
446 1119 547 1179 oculos
565 1122 670 1198 micare
691 1120 749 1201 glas

77 1196 157 1273 dios,
170 1200 247 1260 haud
262 1198 343 1260 secus
358 1197 444 1280 quim
460 1196 482 1258 s1
502 1201 532 1258 in
549 1197 661 1258 infidias
678 1200 751 1258 inci-

78 1276 190 1354 dissent,
211 1279 315 1340 turbati
337 1294 453 1338 vertunt
473 1294 517 1339 ter
536 1300 553 1338 a
573 1280 632 1354 3&
653 1299 690 1338 ne
713 1279 751 1338 ad
858 1290 860 1295 '

17 1433 18 1438 η
78 1356 171 1440 sugam
188 1360 305 1440 quidem
315 1357 379 1418 satis
390 1360 495 1419 virium
508 1299 581 1433 tiit,
592 1360 659 1441 quia
669 1357 752 1419 cursu

80 1438 109 1496 in
128 1439 257 1516 proelium
274 1443 372 1500 ierant.
392 1437 517 1499 Romani
539 1438 661 1512 contri,
685 1441 752 1518 quia

83 1518 222 1598 principio
236 1540 333 1602 pugnae
350 1520 440 1600 quieti
453 1516 605 1591 steterant,
620 1520 752 1598 vigentes

84 1597 270 1677 corporibus,
284 1599 365 1659 facile
377 1599 475 1680 adepti
493 1595 601 1668 sessos,
616 1597 649 1659 δι
666 1594 779 1656 castra:
793 1642 796 1651 .

84 1677 194 1756 impetu
204 1697 348 1760 repetant,
364 1680 416 1752 &‚
432 1675 530 1738 castris
546 1674 674 1736 exsunmi
693 1674 753 1736 hos·

84 1772 144 1820 iem
153 1754 268 1819 Velitras
283 1757 440 1843 persecuti,
454 1778 514 1818 uno
530 1759 643 1840 agmine
657 1754 753 1835 visio}

81 1857 125 1896 res
138 1858 202 1897 cum
216 1838 295 1900 vittis
310 1843 342 1899 in
357 1839 459 1898 urbem
475 1839 620 1920 irrupere;
635 1835 754 1919 plusque

81 1916 120 1978 ibi
134 1916 268 2001 sanguinis
278 1966 288 1995 ,
298 1917 461 2002 promiscui
476 1921 606 1979 omnium
616 1937 753 2001 generum

82 1997 177 2071 caede,
226 1998 272 2062 im
288 2002 319 2059 in
334 1996 395 2080 ipsa
412 1997 617 2073 dimicatione,
630 1997 752 2059 facium:

81 2080 174 2171 Baucis
213 2096 258 2140 ata
275 2081 382 2152 venia,
401 2080 452 2160 qui
472 2080 595 2140 inermes
618 2078 649 2142 in
672 2077 755 2137 dedi-

81 2173 187 2218 tionem
197 2177 351 2236 yenerunt.

118 2236 228 2300 XXXI.
244 2238 328 2299 Dum
342 2240 404 2300 haec
421 2242 450 2300 in
466 2237 580 2299 Volscis
600 2251 754 2319 geruntur,
790 2260 865 2302 nnn

80 2316 196 2377 ditiator
210 2315 332 2379 Sabinos
344 2364 354 2393 ‚
364 2321 413 2380 ubi
424 2319 511 2403 longe
522 2317 676 2399 plurimum
686 2316 754 2377 belli
768 2311 865 2400 ᾖξ’·

77 2395 186 2473 suerat,
206 2396 300 2459 firndit
315 2396 468 2481 fugatque,
488 2394 632 2479 exsuitque
648 2395 752 2464 castris.

78 2479 210 2559 Equitatu
230 2476 351 2539 immisso
374 2480 500 2540 mediam
517 2480 679 2539 turbaverat
701 2479 754 2539 ho-v

80 2553 164 2618 stium
185 2559 296 2631 aciem,
311 2558 383 2639 qui,
401 2560 469 2621 dum
495 2557 524 2618 se
547 2580 653 2619 cornua
673 2559 755 2622 latiis

80 2638 225 2720 pandunt,
242 2658 342 2716 parum
358 2641 422 2719 apti
440 2637 588 2700 introrsum
608 2638 754 2702 ordinibus

81 2718 171 2777 aciem
182 2715 381 2778 firmaverant:
395 2722 520 2780 turbatos
527 2719 625 2860 (sedes
638 2716 754 2780 invasrtz

82 2796 188 2876 todem
197 2796 307 2884 impetu
321 2796 406 2860 castra
415 2817 495 2884 capta
506 2798 755 2938 ,Geirellatumq'ue

567 2899 596 2959 11)
