1984 3600
192 192 443 288 ¹errau
497 211 564 280 II.
665 211 727 307 163

61 353 106 392 ron
137 328 211 390 aeos
220 330 329 388 eninm
343 324 399 407 effe
408 324 512 389 lterum
526 325 632 388 deinde
644 327 732 387 iidem
742 349 841 386 εει

86 413 92 426 ’
141 431 200 470 non
214 411 391 503 recipiuntur
403 408 432 467 in
446 407 541 469 castra.
563 407 732 469 Sacerdotes
743 406 840 500 ‘’g-²32³
918 443 926 453 ·

58 510 184 573 uroque,
204 488 260 548 suis
276 487 429 570 insignibus
447 489 558 549 velatos
573 534 583 564 ‚
598 486 645 548 iss'e
668 486 731 570 sup·
743 470 762 499 “
782 468 810 506 '⁴
835 480 843 496 ⁴

76 571 137 631 lices
151 572 187 630 nd
204 568 295 630 castra
308 567 432 629 hostium
444 614 453 642 ,
464 570 597 629 traditum
610 567 650 629 est
665 591 674 643 3
686 571 733 629 ni-

59 592 111 711 illo
124 671 168 710 nra
187 653 210 711 ‘s
225 651 315 731 quarn
330 649 439 733 legatos
456 648 571 711 flexiffe„
580 652 718 712 animun

96 731 153 792 XL
168 672 250 792 gll'unr
267 747 405 790 rnatronae
424 729 460 788 ad
472 730 623 790 Veturiam
640 775 650 805 ‚
672 748 733 791 nra·

60 827 126 871 trent
146 811 317 886 Coriolani,
334 809 579 894 Volumniamque
609 828 733 873 uxorem

63 890 211 974 frequentes
222 896 332 952 co'e'unt
342 912 350 950 ε
361 889 391 950 id
405 889 550 973 publicum
563 890 711 952 confilium
721 906 735 968 ,'

66 993 101 1030 an
113 972 248 1032 muliebris
265 974 357 1031 timor
372 969 475 1045 fuerit,
491 993 591 1054 parum
602 974 733 1035 invenio.

66 1049 200 1113 Pervicere
208 1053 303 1126 certe,
313 1068 346 1110 ut
357 1052 392 1114 &
401 1049 542 1128 Veturia,
553 1073 657 1135 magno
667 1070 734 1114 natu

71 1133 177 1207 mulier,
187 1131 386 1194 &Volumnia
396 1176 406 1206 ‚
417 1131 489 1192 duos
497 1155 601 1214 parvos
614 1154 650 1193 ex
660 1132 736 1193 Mar·

68 1213 109 1270 cio
123 1211 208 1274 ferens
224 1210 302 1274 filios
317 1258 327 1287 ‚
346 1210 442 1271 secum
457 1214 486 1272 in
509 1211 596 1273 castra
611 1211 736 1274 hostium

70 1292 134 1353 irent
151 1296 226 1368 ;&‚
239 1314 328 1376 quam
341 1293 427 1352 armis
444 1294 501 1353 viri
518 1292 670 1354 defendere
687 1315 737 1353 ur-

70 1371 196 1433 lemnon
232 1371 483 1447 ossent,mulieres
502 1373 633 1455 precibus
644 1374 737 1454 lacry-

71 1451 171 1533 rnilque
225 1453 372 1515 enderent.
384 1451 444 1513 Ubi
461 1452 496 1512 ad
517 1452 603 1514 castra
616 1471 737 1515 ventum

77 1530 132 1603 est,
142 1535 343 1616 nuntiatumque
360 1531 519 1594 Coriolano
530 1532 623 1593 adesse
637 1535 738 1616 ingens

70 1612 217 1672 mulierum
233 1634 350 1697 agmen,
368 1615 398 1675 in
421 1615 538 1694 primo,
561 1630 593 1672 ut
613 1614 661 1692 qui
684 1634 738 1673 nec

75 1691 181 1772 publicai
199 1692 337 1775 majestate
353 1696 384 1753 in
401 1693 520 1776 legatis,
538 1712 592 1751 nec
609 1692 639 1750 in
653 1689 742 1751 sacer-

75 1771 180 1834 doribus
198 1775 272 1835 tanti
293 1772 387 1837 offusa
404 1774 495 1840 oculis
509 1774 663 1854 animoque
680 1772 743 1833 reli·

74 1855 151 1934 gione
165 1874 259 1916 motus
284 1854 374 1927 esset,
391 1854 481 1914 multo
500 1852 667 1913 obstinatior
690 1853 743 1913 ad-

75 1937 162 1994 versus
172 1936 312 2015 lacrymas
324 1935 477 1995 muliebres
489 1951 557 1993 erar.
568 1932 647 1993 Dein
659 1932 744 1993 farni-

76 2012 175 2075 liarium
189 2017 308 2097 quidam
319 2060 329 2089 ‚
340 2017 389 2100 qui
406 2012 457 2074 insi
476 2034 544 2072 nem
557 2012 689 2073 moestitia
698 2017 744 2072 in-

75 2108 114 2152 ter
125 2113 227 2156 ceteras
237 2110 415 2178 cognoverat
462 2096 581 2156 eturiam
591 2138 601 2167 ‚
611 2095 683 2151 inter
694 2115 745 2152 nu-

76 2193 132 2233 rum
144 2174 321 2257 nepotesque
339 2172 661 2250 stantem,N1‘fimeftu
683 2195 747 2230 nur·

75 2271 130 2328 rur,
146 2258 257 2337 inquit,
275 2255 368 2327 oculi,
388 2272 472 2313 mater
487 2253 536 2311 tibi
552 2249 701 2331 conjuxque
717 2251 746 2311 ὅ·

74 2334 141 2394 liberi
156 2335 263 2415 adsunt.
284 2332 456 2395 Coriolanus
467 2377 477 2407 ‚
488 2331 580 2414 prope
599 2348 631 2392 ut
648 2352 745 2394 amens

75 2413 280 2489 consternatus,
293 2412 328 2476 ab
348 2412 414 2473 sede
427 2411 474 2474 sua
489 2434 578 2493 quum
591 2411 676 2474 ferret
687 2433 746 2472 ma-

76 2495 106 2552 tri
123 2497 217 2557 obviae
234 2493 420 2576 complexum
436 2516 446 2569 3
464 2494 566 2553 mulier
579 2494 608 2552 in
626 2495 697 2553 iram
708 2513 745 2556 ex

77 2575 200 2654 precibus
212 2573 293 2635 versa
302 2620 313 2648 ‚
322 2576 404 2645 Sine,
413 2574 567 2655 pritfiyuam
579 2577 745 2656 complexum
769 2577 854 2651 venit.

78 2658 194 2735 accipio,
205 2654 313 2733 sciam,
334 2657 446 2738 inquit,
463 2658 504 2717 ad
519 2656 632 2735 hostem,
650 2677 687 2714 an
708 2656 748 2711 ad
756 2643 854 2726 mm

76 2734 155 2816 filiam
171 2737 286 2795 venerim
304 2755 317 2806 ‚·
335 2738 464 2814 captiva,
480 2736 637 2795 malemein
657 2735 746 2803 castris
753 2739 815 2794 ,struo

83 2817 126 2878 rtis
135 2817 185 2901 fin
200 2819 218 2879 ?
233 2816 267 2881 In
283 2816 334 2878 hoc
350 2836 390 2880 nte
408 2815 487 2904 longa
506 2817 589 2890 vita,
605 2813 632 2877 e
648 2804 745 2896 infelix
756 2796 829 2825 “mm
