1984 3600
188 225 234 297 32
382 201 673 271 T.L1r11

186 313 344 389 ita'velle‚
363 331 395 375 ut
412 336 476 376 mea
493 313 588 375 Roma
603 315 687 397 caput'
703 307 794 376 Orbis
808 332 885 377 ter-

186 416 282 455 rarum
296 392 351 470 fit3
367 396 487 476 proinde
504 416 567 455 rem
586 397 736 456 militarem
751 396 852 456 colant
866 413 883 471 ;

187 474 274 535 sciant
294 496 331 535 ue
343 478 404 551 ‚-&
422 478 462 535 ita
482 475 603 558 posteris
612 477 756 549 sstradant,
777 477 881 536 nullas

188 576 261 637 opes
275 497 426 615 bumana
461 560 545 616 arnus
572 556 711 617 Romanis
741 556 882 617 resistere

211 634 277 696 olle.
289 639 377 713 Hac,
392 636 773 719 inquit,loeutus‚fi1blimis
790 639 879 697 abiit.

188 659 301 776 lnirum
319 734 454 812 quantum
471 717 512 776 illi
524 720 589 777 viro
604 719 742 776 nuntianti
762 717 826 776 haec
840 716 883 776 fi-

191 796 347 856 des·fuer1t
368 799 538 879 3quaimque
560 796 729 856 desiderium
750 796 880 857 Romuli

191 877 268 958 apud
305 878 401 937 lebem
413 880 645 957 exercitumque,
658 876 729 937 sant
745 876 804 937 fide
821 880 883 937 im·

191 973 268 1016 mort
296 960 388 1032 tatis,
411 957 530 1016 lenitum
548 956 590 1016 sit.
675 1028 679 1032 ⁵

210 1091 213 1096 .
232 1035 328 1096 XVII.
348 1037 461 1096 Parrum
474 1040 588 1097 interim
603 1041 713 1098 animos
728 1054 879 1098 certamen

191 1136 224 1176 re
263 1119 269 1132 '
297 1138 329 1176 ac
349 1118 454 1198 cupido
473 1117 611 1178 versabat.
629 1118 763 1178 Necdum
782 1140 801 1177 a
820 1117 881 1177 sm·

194 1199 287 1279 guis,
307 1201 372 1278 quia
390 1219 478 1258 nemo
496 1218 669 1280 magnopere
690 1198 835 1258 eminebat
846 1200 880 1257 in

194 1298 275 1338 novo
292 1278 423 1359 populo,
442 1277 782 1360 pervenerant-fadiiones
803 1301 813 1352 ;
834 1281 882 1337 in-

194 1374 239 1417 ter
265 1359 381 1418 ordines
402 1358 566 1419 certabamr.
586 1357 711 1418 Oriundi
733 1358 769 1416 ab
796 1357 882 1418 Sabi-

194 1441 263 1513 nis,
279 1460 332 1514 ne,
351 1442 417 1521 quia
439 1438 504 1521 post
520 1438 597 1498 Tatii
620 1456 743 1499 mortem
769 1439 805 1497 ab
830 1438 882 1498 sua

114 1584 116 1591 ,
195 1536 275 1601 parte
285 1541 345 1579 non
359 1537 418 1579 erat
427 1536 591 1602 regnatum,
605 1521 634 1576 in
651 1518 784 1578 societate
795 1540 883 1601 aequa

196 1598 396 1681 poffeffionem
415 1602 528 1682 imperii
549 1600 724 1672 amitterent,
746 1597 787 1657 sui
811 1621 883 1659 cor-

197 1683 277 1762 poris
291 1684 377 1741 creari
396 1701 493 1762 regem
511 1680 669 1740 volebant:
688 1678 815 1738 Romani
827 1701 884 1739 ve-

196 1777 273 1821 teres
291 1762 471 1844 peregrinum
490 1780 588 1842 regem
603 1758 829 1841 aspernabantur.
845 1759 882 1820 ln

199 1844 284 1902 variis
307 1840 499 1901 voluntatibus
523 1860 553 1899 re
574 1842 632 1898 nari
656 1857 752 1898 tamen
774 1848 895 1901 ornnesv

199 1921 336 1981 volebant
348 1966 358 1994 ,
368 1919 502 1979 libertatis
522 1861 671 1980 duicedine
685 1920 816 1980 nondum
828 1941 883 1980 ex-

199 2001 290 2082 perti.
309 1999 413 2060 Timor
439 1998 543 2059 deinde
564 2000 657 2060 Patres
681 1998 816 2076 inceffit,
842 2023 881 2062 ue

199 2083 346 2149 civitatem
375 2079 433 2140 sure
459 2082 605 2161 imperio,
622 2082 791 2139 exercitum
821 2080 882 2142 fine

201 2161 297 2236 duce,
324 2162 475 2221 multarum
501 2161 574 2220 circi
600 2162 747 2220 civitatum
769 2163 899 2221 irritatis·

200 2244 325 2317 animis,
340 2244 386 2302 vis
407 2242 500 2324 aliqua
521 2258 634 2300 externa
655 2240 822 2301 adoriretur.
845 2247 884 2301 Et

199 2320 258 2382 elle
275 2325 360 2405 igitur
369 2321 485 2403 aliquod
496 2337 580 2401 caput
589 2319 733 2401 placebat,
749 2323 782 2382 ὃ(
793 2342 882 2381 nemo

199 2403 283 2472 alteri
300 2401 458 2462 concedere
475 2402 505 2457 in
522 2402 648 2458 animum
665 2399 827 2462 inducebat.
841 2402 884 2461 lta

203 2502 266 2552 rem
283 2482 356 2544 inter
373 2479 401 2539 se
420 2495 534 2539 centum
550 2478 664 2552 Patres,
680 2480 781 2540 decem
798 2482 885 2542 decu-

201 2564 252 2623 riis
272 2559 369 2634 fadis,
387 2558 555 2642 singulisque
571 2563 601 2618 in
618 2558 737 2642 singulas
755 2561 884 2622 decurias

202 2644 305 2703 creatis
326 2643 375 2724 qui
392 2640 508 2700 summae
524 2660 619 2700 rerum
638 2638 804 2724 praeeffent,
819 2665 886 2703 con-

205 2722 335 2789 sociant:
356 2723 458 2783 decem
475 2720 674 2802 imperitabant
691 2743 701 2795 3
722 2742 794 2781 unus
817 2745 903 2783 cum.

205 2802 359 2891 insignibus
376 2805 488 2890 imperii
502 2804 534 2866 &
547 2800 688 2866 littoribus
706 2818 787 2863 erat:
804 2804 887 2887 quin·¹
