1984 3600
246 213 317 292 260
441 219 479 288 T.
528 218 737 288 ιινιι

130 335 394 395 fi==hominutn
419 349 505 415 atque
532 333 679 416 pecudum
705 331 785 394 inulti
807 331 894 414 predae

133 412 231 506 ”geet-
245 413 383 499 egissent,
396 429 515 496 recepto
534 414 571 473 ad
588 412 723 487 Eretum,
737 411 899 495 quodpaffim

133 476 155 507 ⁸
175 477 232 518 '⁴⁴⁷'
243 512 378 578 vagatum
389 510 462 567 etat,
476 496 605 577 agmine,
617 493 706 555 castra
719 492 900 575 locant‚spent

244 578 276 643 in
295 573 436 635 discordia
450 574 582 634 Romana
594 592 737 656 ponentes
757 597 768 650 3
783 595 841 634 eam
857 576 903 631 im-

266 655 443 716 edimentum
460 653 582 715 deletmi
598 654 670 715 fore.
694 654 766 715 Non
781 652 861 714 nuntii
869 651 903 711 so·

243 679 326 809 sirm,
343 735 392 796 sed
408 754 461 817 per
475 734 578 795 urbem
594 733 747 817 agrestium
760 733 823 817 fuga
832 733 904 814 trepi-

244 816 392 877 dationem
419 811 526 893 injecit.
553 814 724 875 Decemviri
748 813 904 884 consultant,

256 966 258 973 y
289 896 319 955 id
337 917 356 955 o
378 916 411 954 us
425 893 498 954 facto
516 893 560 953 fit.
571 893 723 955 Destitutis
732 896 804 955 inter
813 894 905 954 Panum

248 917 398 1057 dsplesis
424 974 492 1035 odia
517 973 627 1034 addidit
650 993 790 1035 terrorem
815 973 905 1055 insuper

90 1080 91 1083 ¹
139 1057 232 1149 Y'AEpt}
250 1055 336 1127 alium
350 1053 472 1115 fortuna.
487 1054 575 1135 AEqui
588 1055 642 1113 alia
658 1075 695 1114 ex
709 1073 789 1136 parte
799 1053 905 1115 castrain

138 1111 221 1200 ,ΕΗ
249 1134 358 1216 Algido
377 1135 471 1195 locant
489 1157 499 1209 3
515 1134 550 1194 de
573 1134 779 1217 opulatumque
795 1134 856 1194 inde
868 1153 907 1193 ex-

250 1212 426 1276 cursionibus
451 1156 645 1275 Tuscusdnum
669 1236 769 1297 agrum
793 1212 907 1296 legatiab

248 1293 395 1369 Tusculo,
411 1294 572 1379 praesidium
589 1311 724 1370 orantes,
743 1298 872 1355 nuntiant
888 1290 907 1351 lt

270 1397 341 1436 avor
381 1397 411 1436 er
432 1375 484 1434 ulit
507 1374 713 1450 decemviros,
732 1392 764 1435 ut
780 1373 907 1444 senatum,

248 1398 332 1515 dmul
367 1398 460 1515 nodus
482 1453 726 1515 circumstantibus
749 1455 846 1515 urbem
861 1452 909 1512 bel·

249 1537 304 1611 lis,
316 1534 495 1596 consulerent
507 1557 515 1594 ε
528 1536 606 1594 citari
617 1532 719 1614 jubent
729 1528 763 1593 in'
770 1536 867 1597 curiam
875 1532 910 1592 Pa

251 1633 330 1689 tres,
345 1615 421 1675 baud
439 1615 546 1696 ignari,
556 1631 660 1697 quanta
673 1615 792 1676 invidiae
806 1615 910 1674 immine·

251 1713 296 1756 ret
310 1694 463 1777 tempestas
480 1717 487 1754 :
506 1715 606 1753 omnes
628 1692 729 1756 vastati
746 1697 805 1789 agri
841 1695 909 1753 ericu-

253 1777 405 1857 lorumque
423 1776 632 1835 imminentium
651 1773 746 1835 causas
765 1797 794 1834 tn
823 1795 838 1834 e
856 1792 908 1833 ton-

169 1867 170 1870 ’
274 1854 381 1914 estutos
395 1877 405 1927 3
417 1857 660 1937 tentationemque
673 1877 738 1918 eam
748 1855 810 1915 sore
819 1853 911 1914 abolen-

254 1876 283 1993 di
300 1932 351 1991 fibi
365 1932 540 2014 magistratus
551 1979 560 2008 ‚
571 1936 601 1994 ni
614 1934 751 1996 consensu
761 1934 909 2005 resisterent,

214 2087 216 2090 v
253 2012 909 2096 imperioqueinhibendoacriterinpaucosprae·

255 2091 358 2152 ferocis
369 2094 474 2168 animi,
487 2107 605 2153 conatus
624 2094 745 2154 aliorum
761 2097 909 2175 comprime·

147 2176 246 2261 foffi‘tm
258 2189 331 2234 tent.
349 2171 501 2254 Postquam
515 2173 608 2234 audita
617 2195 678 2235 vox
691 2177 720 2233 in
733 2173 799 2235 foro
814 2173 851 2233 est
859 2192 910 2255 prae·

148 2273 222 2329 ‘f‘fm'
260 2256 340 2316 conis
350 2252 462 2326 ,Patres
472 2255 503 2313 in
518 2255 625 2312 curiam
638 2254 675 2313 ad
684 2254 859 2315 decemviros
867 2274 909 2311 vo·

144 2331 193 2357 ''¹⁸“
260 2336 348 2395 cantis
361 2334 460 2407 ;velut
476 2354 554 2394 nova
570 2353 631 2405 res,
668 2336 714 2393 uia
729 2333 908 2395 intermiserant

260 2412 368 2472 'amdiu
384 2433 496 2472 morem
516 2354 680 2473 consulendi
699 2412 826 2488 senatuis,
846 2415 909 2473 mira·

258 2437 384 2552 iundam
400 2493 516 2572 plebem
529 2495 690 2567 convertit,
710 2498 845 2574 Quidnam
861 2493 909 2553 inci·

259 2575 288 2632 di
310 2590 351 2644 et,
369 2594 416 2631 cur
432 2595 466 2631 ex
485 2591 561 2635 tanto
574 2574 717 2633 intervallo
735 2597 786 2634 rem
804 2572 909 2653 defitetan

183 2657 185 2690 ἕ
210 2657 212 2660 ’
260 2674 278 2711 u
291 2671 421 2730 utparent.
432 2655 562 2733 Hostibus
574 2654 693 2733 belloque
709 2657 824 2734 gratiam
834 2654 877 2713 hab
900 2682 908 2695 ·

261 2734 342 2804 dam,
359 2732 434 2810 qudd
441 2731 554 2811 fhliturn
573 2736 717 2814 quidquam
731 2735 815 2794 libera
833 2735 910 2793 civita·

185 2825 187 2832 '
261 2812 388 2892 tisfieret.
408 2810 647 2895 Circumspedare
663 2813 911 2894 omnibusforipnf
954 2871 955 2884 ¹

913 3493 955 3565 n
