1984 3600
262 201 327 274 166
453 201 493 273 T.-
538 197 666 269 Ην
687 213 752 270 rr

147 347 242 375 22—-
257 321 310 379 rint
318 363 330 391 ,
355 319 457 377 laturos
476 338 485 375 .·
504 339 581 398 reguo
607 320 683 377 viam
702 319 773 395 fieri.
801 318 875 398 Quid
892 316 931 378 ira

149 399 246 440 ΜΘ·
258 402 328 459 enim
341 397 436 476 effitmi
441 392 533 474 socios
547 398 680 458 &nomen
694 400 851 459 Latinum?
864 401 932 479 Quid

147 448 238 499 Μὴ

162 1926 232 1981 Cuffiur

150 1988 164 2014 n

239 475 415 557 'attinuiffe,
430 479 581 552 Hemicis,
596 479 684 559 pauli
711 479 776 538 anti
797 480 832 538 ho
856 482 906 538 'bus
922 522 932 550 ‚

258 562 332 643 capti
351 562 409 641 agri
421 577 525 638 partem
544 561 648 618 tertiam
667 560 764 630 reddi,
783 561 834 618 niz
852 578 880 618 ut
896 560 929 617 le

275 660 346 700 entes
360 661 410 721 pro
425 640 568 699 Coriolano
588 641 653 697 duce
672 640 929 717 Caffiumhabeant?

254 661 404 802 inpuleris
420 717 478 813 jam
496 717 551 778 elle
571 717 704 778 diss‘uasor
726 721 759 781 &
779 715 928 779 intercellor

257 796 286 859 le
307 804 330 859 is
342 821 454 882 agrauae
467 815 605 880 coeperat.
616 798 749 881 Uterque
760 799 864 859 deinde
875 819 928 858 con-

257 821 306 939 sui
318 883 444 940 certatim
458 879 537 960 plebi
555 878 714 962 indulgere.
733 879 879 962 Virginius
894 878 927 937 di·

257 979 342 1034 rere,
360 957 499 1041 paliurum
516 957 543 1018 se
563 957 689 1042 ailignari
705 979 806 1041 agros,
819 960 925 1019 dumne
966 994 967 1039 3

256 1042 326 1114 cui,
348 1039 400 1099 nisi
417 1041 479 1100 civi‘
489 1040 647 1114 Romano,
668 1037 848 1122 affignentur.
869 1037 927 1099 cal

256 1117 331 1193 sius,
351 1121 417 1202 quia
434 1122 464 1178 in
482 1122 589 1202 agraria
604 1120 755 1202 largitione
775 1117 925 1179 ambitiosus

256 1199 287 1258 in
301 1198 411 1273 socios,
426 1199 520 1281 elque
532 1199 643 1261 civibus
653 1200 741 1262 vilior
751 1218 812 1260 erat
821 1245 831 1275 ‚
841 1218 870 1260 ut
879 1200 925 1257 alio
967 1252 968 1267 2

259 1301 377 1339 munere
397 1278 448 1339 fibi
467 1281 664 1340 reconciliaret
686 1282 796 1341 civium
815 1283 925 1351 animos,
967 1296 968 1307 ¹

259 1356 378 1440 jubere,
390 1382 443 1442 pro
463 1355 561 1421 Siculo
573 1359 718 1421 frumento
732 1363 880 1442 pecuniam
889 1379 926 1416 ac·

259 1459 372 1522 ceptam
392 1440 508 1500 retribui
547 1440 650 1522 opulo..
664 1438 699 1500 ld
716 1442 789 1501 verb
809 1440 880 1499 haud
891 1436 925 1497 se·

260 1542 332 1596 cus,
349 1519 434 1603 quim
458 1463 626 1601 praeientem
648 1521 815 1582 mercedem
834 1520 925 1601 regni,

258 1600 401 1682 aspernata
419 1600 520 1683 plebes
541 1622 552 1675 ;
572 1598 646 1661 adeo
665 1618 786 1683 propter
805 1598 925 1680 suspicio·

257 1703 326 1741 nem
342 1680 452 1740 infitam
466 1683 566 1763 regni,
583 1682 664 1741 velut
681 1678 858 1740 abundarent
876 1698 926 1737 om-

256 1764 323 1838 nia,
341 1782 459 1821 munera
477 1760 538 1841 ejus
560 1761 590 1821 in
608 1762 709 1821 animis
727 1761 876 1822 hominum
891 1779 925 1818 re·

257 1837 275 1899 s
289 1842 435 1903 uebanrur.
448 1839 570 1919 Quem,
583 1840 633 1901 ubi
642 1844 768 1922 primum
780 1839 925 1924 magistram

258 1864 342 1996 aiiit,
353 1920 517 1980 damnatum
527 1939 713 2004 necatumque
723 1920 842 1983 constat.
852 1919 925 1991 Sunt,

261 2004 309 2083 qui
323 2017 432 2084 patrem
447 1999 593 2060 auclorem
611 1999 672 2082 ejus
687 2001 819 2083 supplicii
832 2002 937 2062 serame

259 2101 347 2157 eum,
366 2082 481 2164 cogniti
504 2081 585 2141 domi
605 2082 709 2156 causa,
725 2080 881 2141 verberasse
900 2097 926 2137 ac

257 2162 386 2236 necasse,
397 2162 597 2244 peculiumque
614 2157 666 2221 filii
681 2160 781 2223 Cereri
797 2160 927 2223 consecra·

257 2243 327 2306 visse
337 2266 344 2304 ε
356 2240 466 2325 signum
480 2242 547 2301 inde
566 2239 671 2302 facium
686 2239 760 2316 elle,
774 2244 807 2303 &
822 2240 896 2301 inseri

257 2341 342 2398 rum,
358 2340 403 2384 ex
422 2322 548 2384 (Iussu
567 2339 716 2381 remum
738 2339 873 2383 DATUM.
904 2339 927 2376 n·

258 2407 347 2465 venio
362 2402 437 2482 apud
452 2400 589 2483 quosdam
599 2446 609 2474 ,
621 2401 708 2483 idque
739 2405 838 2482 ropius
849 2400 926 2461 fidem

257 2481 343 2556 est‚a
357 2479 542 2561 quaestoribus
551 2479 671 2542 Caesone
683 2481 706 2541 F
742 2484 772 2541 io
791 2483 823 2543 &
833 2482 866 2542 L.
877 2478 926 2536 va-

257 2562 330 2622 lerio
352 2561 429 2620 diem
447 2562 551 2622 diclam
588 2560 771 2622 erduellionis
792 2583 802 2636 3
823 2561 926 2621 damna·

255 2659 375 2725 tumque
401 2663 441 2723 po
463 2643 503 2702 uli
524 2639 556 2723 ju
577 2644 633 2701 icio
653 2664 663 2716 ;
686 2642 792 2701 dirutas
821 2636 925 2722 publice

256 2721 333 2782 redes
346 2745 353 2784 :
366 2744 399 2782 ea
417 2664 462 2782 eli
468 2743 533 2781 area
546 2738 609 2782 ante
624 2718 749 2782 Telluris
764 2720 865 2781 aedem.
876 2715 926 2777 Ce-

254 2817 349 2866 terum
366 2801 436 2874 five'
448 2801 519 2865 illud
538 2798 740 2878 domesticum,
759 2796 819 2867 slve
836 2796 926 2881 publif
