1984 3600
122 309 124 312 ,
206 223 443 301 LIBER
503 215 542 285 V.
648 232 719 306 429

39 342 171 417 itionum,
190 342 302 422 scelere
329 361 362 398 ac
381 338 534 419 proditione
561 331 721 412 collegarum
736 346 833 389 εει

39 428 113 484 illum
137 444 281 506 arguere,
307 419 413 498 Quum
438 417 569 477 arderent
589 409 720 479 invidis,
735 411 832 502 Ugtjg·

39 526 78 563 on
99 503 202 565 Patres
222 502 346 574 modi),
363 498 413 560 sed
429 495 515 558 etiain
532 494 636 555 tribuni
658 490 723 572 ple-
734 472 836 566 'inlisi

39 586 82 657 ris,
92 588 231 667 cooptati
243 584 377 664 pariter,
390 582 423 641 &
453 580 483 638 ui
495 586 701 656 cooptaverant
713 590 723 642 ς
732 556 837 655 sss'g‘ffl

39 686 82 723 um
91 686 128 725 ex
141 667 283 747 collegio
297 679 375 734 tres,
385 659 415 720 P.
427 600 587 728 (luriatiuse
599 651 643 712 M.
659 650 725 710 Me·
736 650 830 704 “ceseti-

39 745 116 819 ilius,
133 749 169 808 &
184 745 234 805 M.
254 743 427 814 Minucius,
438 737 543 821 trepidi
557 728 725 794 rerumsua-

39 845 113 897 um,
136 829 168 885 in
189 825 337 907 Sergium
355 821 601 903 Virginiumque‚
623 812 726 893 prioris

39 907 91 962 mni
106 908 246 969 tribunos
261 906 404 965 militares
416 946 426 974 ,
437 903 581 960 incurrunt
601 915 608 953 ι
628 897 657 952 in
675 912 727 951 eos

39 984 65 1043 ab
80 982 107 1044 se
121 988 198 1064 iram
220 985 326 1068 plebis
343 981 558 1061 invidiamque,
571 975 617 1034 die
634 971 724 1042 dicis,

39 1083 170 1128 avertunt.
192 1069 315 1148 Quibus
330 1064 460 1134 delelias,
470 1060 568 1139 quibus
584 1056 726 1122 tributum,

41 1147 130 1222 quibus
141 1152 260 1209 diutina
274 1146 401 1215 militia,
418 1134 650 1223 longinquitasque
664 1133 729 1193 belli

40 1225 70 1299 fit
87 1233 204 1307 gravis,
226 1230 281 1308 qui
297 1225 375 1285 clade
392 1223 503 1303 accepti
523 1221 562 1278 acl
581 1220 661 1277 Veios
679 1217 729 1272 do·

44 1306 111 1365 bant
121 1353 133 1380 ,
150 1312 202 1390 qui
214 1306 325 1387 amiffis
336 1306 426 1364 liberis
437 1345 448 1374 ,
460 1300 609 1381 fratribus,
616 1296 730 1376 propin÷

47 1388 118 1461 quis,
129 1389 266 1472 affinibus
273 1432 286 1460 ,
304 1385 425 1467 lugubres
437 1386 530 1441 domos
540 1379 658 1437 babeant
669 1396 681 1446 ,·
696 1375 732 1431 iis

47 1467 142 1542 publici
153 1473 322 1551 privatique
339 1466 439 1524 doloris
451 1459 609 1539 exsequendi
622 1453 733 1535 juspo·

51 1547 211 1630 “salemque
229 1573 268 1609 ex
286 1547 393 1607 duobus
409 1545 504 1603 noxiis
524 1538 659 1619 capitibus
681 1537 734 1593 da·

55 1641 102 1683 ΝΜ
113 1632 146 1687 ab
159 1628 190 1707 se
206 1642 388 1690 memorant.
405 1625 535 1684 Omnium
549 1637 663 1695 namque
675 1635 736 1672 ma·

56 1704 131 1796 lorum
142 1713 173 1769 iu
189 1713 289 1793 Sergio
303 1709 475 1788 Virginioquc
493 1698 591 1778 causas
605 1692 654 1772 effe
662 1717 675 1767 ;
687 1714 735 1752 nec

56 1787 84 1844 tl
95 1789 280 1870 accusatorem
305 1788 393 1868 magis
412 1805 537 1865 arguere,
557 1779 637 1860 qulm
651 1771 738 1855 fictori

59 1886 110 1925 reos
122 1893 136 1942 ;
154 1876 203 1951 qui
219 1873 306 1932 noxii
316 1870 392 1928 ambo
402 1907 414 1937 ‚
426 1867 494 1924 alter
504 1866 534 1922 in
553 1861 663 1920 alterurn
676 1875 738 1914 cau·

55 1943 281 2040 Quasnam,
292 1947 390 2030 fiegam
403 1947 489 2028 Sergii
507 1942 665 2023 Virginius,
681 1939 740 1996 Ser·

59 2037 312 2111 gzusprose'eionen
326 2033 465 2107 increpans
476 2024 602 2104 Virginii.
618 2022 739 2097 Quonam

63 2108 127 2173 adeo
140 2112 325 2172 incredibilem
341 2109 486 2168 amentiam
497 2099 601 2182 ficisse,
614 2117 643 2169 ut
655 2096 740 2155 multb

66 2191 228 2267 uetifiueilius
238 2195 279 2272 fit
289 2236 301 2263 ,
321 2190 453 2268 compello
473 2204 531 2243 eam
554 2202 605 2240 rem
627 2178 654 2235 (r
673 2196 743 2234 com-

70 2273 138 2360 muni
153 2271 256 2352 scande
271 2272 442 2351 partitionem
465 2266 561 2322 allam.
581 2259 629 2320 Ab
652 2253 743 2314 leis&

68 2349 140 2424 Pnlts
150 2357 247 2413 datum
264 2354 351 2412 locum
365 2347 520 2409 Veientibus
533 2344 572 2401 ad
579 2335 746 2400 incendenda
774 2356 775 2360 ¹

74 2445 166 2520 θῆττα,
182 2436 247 2494 belli
268 2432 390 2497 trahendi
413 2425 498 2488 causei
515 2445 528 2496 ‚·
545 2423 573 2482 ἐκ
593 2440 665 2480 nunc
681 2436 746 2496 pro·

72 2508 153 2568 ditum
171 2517 342 2581 exercitum,
365 2512 466 2569 tradita
484 2501 600 2580 Faliscis
619 2503 747 2559 Romana

76 2592 163 2677 fasta.
176 2596 281 2656 Omnia
291 2594 374 2671 fieri,
392 2606 423 2649 uc
437 2581 602 2663 consenescat
616 2582 656 2638 ad
667 2578 750 2637 Veios

75 2689 198 2746 luventas
210 2700 222 2749 ,·
233 2697 282 2736 nec
296 2678 328 2734 de
346 2673 436 2754 agris,
450 2689 497 2727 nec
512 2668 546 2724 de
559 2662 626 2722 aliis
640 2675 754 2716 commo·

77 2752 121 2842 lis
133 2756 221 2833 plebis
228 2756 297 2837 serre
308 2758 348 2814 ad
360 2749 490 2833 populun
502 2743 601 2804 tribuni
613 2782 624 2809 ‚
631 2735 754 2816 srcqutn-

85 2833 168 2915 ¹²qu
184 2838 289 2901 urbauei
307 2835 433 2899 celebrare
450 2822 567 2890 auiones
576 2861 589 2892 ,
605 2819 633 2880 θ’
649 2816 758 2896 tessere
