1984 3600
263 192 489 263 LIBER
548 189 576 260 Ι.
719 213 760 286 33

55 330 118 393 que
143 309 268 369 dietum
292 307 383 391 spatio
410 306 561 369 finiebatur
585 306 738 389 imperium
752 329 874 380 ,εει

56 412 91 449 ac
114 411 177 472 per
190 410 298 450 omnes
318 392 348 448 in
366 388 469 449 orbem
485 388 563 449 ibat·
580 407 761 469 annuumque
771 385 827 474 fg·
838 384 872 480 32

57 470 257 536 intervallum
278 472 360 552 regni
381 468 459 529 fuit:
480 469 512 529 id
536 434 571 530 as>
596 489 655 542 te,
681 468 761 550 quod
784 447 860 521 'lidr-

58 570 142 609 nunc
156 571 288 631 quoque
310 566 390 609 tenet
416 569 546 625 nomen,
564 544 861 630 Interregnunrffl

59 651 98 709 ap
123 630 259 691 ellatum.
278 627 414 689 Fremere
433 628 538 689 deinde
560 627 661 710 plebs,
684 629 762 688 mul·

62 712 106 789 tip
120 711 229 769 'catam
241 709 429 781 servitutem,
441 726 554 768 centum
570 731 624 791 pro
634 729 694 768 uno
705 708 761 769 do-
778 731 782 738 ’

62 792 168 849 minos
186 788 276 849 fastos
295 809 375 863 3nec
394 787 467 847 ultri
485 786 576 849 nisrre
595 810 663 863 em,
680 787 761 850 &ab

64 871 76 927 i
98 868 138 927 fis
163 886 292 928 creatum
309 913 321 941 ‚
337 868 545 950 videbanturp
582 870 635 929 uri.
657 866 761 948 Quum

65 891 217 1007 sinsrssem
236 970 270 1008 ea
294 949 412 1009 moveri
437 945 559 1023 Patres,
581 946 761 1009 offerendum

69 1027 154 1094 ultro
171 1030 220 1087 rati
237 1027 320 1111 quod
338 1023 461 1087 amissuri
476 1045 570 1102 erant,
590 1030 628 1088 ita
642 1031 759 1110 gratiam

69 1108 192 1181 ineunt,
207 1106 318 1167 summai
329 1106 469 1190 potestate
487 1109 595 1189 populo
611 1107 759 1189 permissd,

68 1203 178 1248 utnon
193 1190 258 1270 plus
269 1189 371 1248 darent
389 1186 459 1270 juris
477 1188 562 1269 quim
580 1189 761 1250 detinerent:

70 1267 269 1328 decreverunt
290 1270 391 1341 enirn,
410 1284 461 1339 ut,
473 1290 561 1349 quum
572 1269 705 1351 populus*
713 1290 760 1329 re-

72 1368 144 1428 gem
163 1345 299 1428 jussisset,
317 1346 348 1406 id
366 1345 404 1406 fic
424 1364 515 1407 ratum
528 1347 613 1424 esset,
627 1347 648 1408 fi
664 1349 758 1409 Patres

74 1427 206 1488 auctores
225 1427 324 1488 fierent
339 1451 348 1500 3
363 1426 508 1510 hodieque
524 1431 554 1488 in
573 1428 683 1523 legibus
701 1450 761 1489 nra·

77 1506 293 1608 gistratibustuie
306 1508 439 1590 rogandis
450 1507 595 1591 usurpatur
604 1509 683 1568 tderu
696 1506 760 1588 jus,

79 1588 115 1647 vi
135 1586 271 1666 adempta
297 1610 304 1646 :
329 1586 488 1669 priusquam
515 1587 638 1669 populus
664 1586 762 1648 suffra-

77 1686 165 1748 gium
180 1683 274 1738 ineat,
289 1688 318 1725 ru
332 1687 468 1727 incertum
479 1670 664 1727 comitiorum
675 1687 761 1727 even-

76 1763 141 1807 tunr
161 1745 257 1807 Patres
280 1745 405 1808 auctores
427 1746 508 1809 fiunt.
531 1745 611 1809 Turn
638 1749 762 1809 interrex

74 1831 219 1888 concione
244 1828 386 1890 advocati
404 1872 416 1899 ,
436 1832 520 1908 Quod
539 1831 636 1889 bonum
653 1874 665 1900 ,
681 1825 762 1907 ficus·

74 1927 152 1981 turn,
166 1906 242 1989 felix
259 1932 292 1968 ue
304 1911 366 1988 fit,
385 1910 494 1988 inquit,
518 1911 661 1990 Quirites,
680 1931 760 1990 regern

74 2007 178 2050 create:
190 1933 376 2050 irai’arribus
390 1988 476 2067 vistim
486 1992 528 2071 est
541 1992 637 2055 Patres
646 1992 760 2062 deinde,

68 2072 220 2152 fidignum
230 2114 242 2141 ,
265 2071 314 2149 qui
330 2068 464 2147 secundus
483 2071 519 2133 ab
537 2071 654 2133 Romulo
671 2092 761 2131 nume·

76 2152 161 2222 retu'r,
178 2151 300 2210 creantis
310 2194 322 2220 ,
333 2153 448 2213 nudiores
458 2151 537 2230 fient.
548 2150 636 2211 Adeo
653 2150 683 2208 id
701 2170 761 2231 gra·

78 2246 139 2289 tutu
157 2230 239 2312 plebi
256 2227 394 2304 fuit,ut‚
413 2251 450 2290 ne
467 2229 535 2292 victi
555 2226 698 2289 beneficio
717 2232 761 2289 vi·
801 2303 803 2307 ,

79 2310 232 2384 detentur,
250 2309 282 2368 id
298 2310 389 2371 modi)
410 2308 559 2373 sciscerent
575 2308 761 2390 juberentque

80 2406 112 2448 ut
122 2389 234 2449 senatus
246 2390 428 2465 decerneret,
441 2393 490 2472 qui
502 2389 604 2449 Romae
621 2407 759 2472 regnaret.

121 2468 234 2530 XVIII.
244 2468 359 2550 Inclyta
366 2469 470 2550 justitia
479 2471 579 2553 religio
600 2491 636 2529 ue
645 2472 679 2531 ei
689 2486 761 2529 tem·
794 2483 868 2524 Μω

82 2546 187 2683 gestate
205 2547 312 2610 Numae
329 2550 462 2631 Pompilii
485 2569 552 2610 erat.
574 2492 698 2612 duribus
715 2544 761 2609 Sal
773 2531 845 2572 Nm·

104 2629 155 2689 inis
173 2627 338 2701 habitabat,
358 2628 570 2691 consultissimus
593 2633 659 2707 vir,
680 2646 711 2688 ut
731 2633 762 2689 in

88 2706 131 2764 itu
153 2705 303 2799 quisquam
326 2724 405 2767 aetate
430 2707 483 2768 esse
506 2718 644 2792 poterat,
667 2711 763 2768 omnis

90 2785 176 2849 dirim
194 2803 280 2868 etque
297 2786 413 2850 humani
427 2786 506 2871 jutis.
526 2790 683 2851 Auctorem
695 2772 767 2851 decl

536 2870 613 2934 Bv‘
