<?xml version="1.0" encoding="UTF-8"?>
<!DOCTYPE html PUBLIC "-//W3C//DTD XHTML 1.0 Transitional//EN"
    "http://www.w3.org/TR/xhtml1/DTD/xhtml1-transitional.dtd">
<html xmlns="http://www.w3.org/1999/xhtml" xml:lang="en" lang="en">
 <head>
  <title>
</title>
<meta http-equiv="Content-Type" content="text/html;charset=utf-8" />
  <meta name='ocr-system' content='tesseract 3.04.00' />
  <meta name='ocr-capabilities' content='ocr_page ocr_carea ocr_par ocr_line ocrx_word'/>
</head>
<body>
  <div class='ocr_page' id='page_1' title='image "./titiliviipatavi00lallgoog/titiliviipatavi00lallgoog_0154.png"; bbox 0 0 1984 3600; ppageno 0'>
   <div class='ocr_carea' id='block_1_1' title="bbox 146 214 729 353">
    <p class='ocr_par' dir='ltr' id='par_1_1' title="bbox 146 214 729 353">
     <span class='ocr_line' id='line_1_1' title="bbox 146 214 729 353; baseline -0.003 -24"><span class='ocrx_word' id='word_1_1' title='bbox 146 218 160 280; x_wconf 21' lang='grc' dir='ltr'>Ἰ</span> <span class='ocrx_word' id='word_1_2' title='bbox 239 282 288 353; x_wconf 86' lang='lat'>90</span> <span class='ocrx_word' id='word_1_3' title='bbox 436 262 472 329; x_wconf 88' lang='lat' dir='ltr'>T.</span> <span class='ocrx_word' id='word_1_4' title='bbox 523 214 729 330; x_wconf 18' lang='lat' dir='ltr'><em>L1¹V11</em></span> 
     </span>
    </p>
   </div>
   <div class='ocr_carea' id='block_1_2' title="bbox 70 372 969 1422">
    <p class='ocr_par' dir='ltr' id='par_1_2' title="bbox 70 372 969 1422">
     <span class='ocr_line' id='line_1_2' title="bbox 240 372 917 448; baseline 0.001 -14"><span class='ocrx_word' id='word_1_5' title='bbox 240 372 353 448; x_wconf 87' lang='lat' dir='ltr'>socios,</span> <span class='ocrx_word' id='word_1_6' title='bbox 372 373 435 434; x_wconf 82' lang='lat' dir='ltr'>talis</span> <span class='ocrx_word' id='word_1_7' title='bbox 455 375 491 434; x_wconf 85' lang='lat' dir='ltr'>ad</span> <span class='ocrx_word' id='word_1_8' title='bbox 514 375 647 435; x_wconf 89' lang='lat' dir='ltr'>ultimum</span> <span class='ocrx_word' id='word_1_9' title='bbox 666 377 696 433; x_wconf 92' lang='lat' dir='ltr'>in</span> <span class='ocrx_word' id='word_1_10' title='bbox 716 374 826 437; x_wconf 82' lang='lat' dir='ltr'>liberos</span> <span class='ocrx_word' id='word_1_11' title='bbox 848 372 917 436; x_wconf 81' lang='lat' dir='ltr'>ess&#39;et</span> 
     </span>
     <span class='ocr_line' id='line_1_3' title="bbox 240 454 969 538; baseline 0 -23"><span class='ocrx_word' id='word_1_12' title='bbox 240 456 275 515; x_wconf 80' lang='lat' dir='ltr'>ln</span> <span class='ocrx_word' id='word_1_13' title='bbox 287 454 402 537; x_wconf 69' lang='lat' dir='ltr'>stipfitm</span> <span class='ocrx_word' id='word_1_14' title='bbox 418 457 547 538; x_wconf 72' lang='lat' dir='ltr'>postremo</span> <span class='ocrx_word' id='word_1_15' title='bbox 566 456 720 533; x_wconf 78' lang='lat' dir='ltr'>fievitumm</span> <span class='ocrx_word' id='word_1_16' title='bbox 730 502 742 529; x_wconf 92' lang='lat'>,</span> <span class='ocrx_word' id='word_1_17' title='bbox 755 459 786 535; x_wconf 86' lang='lat' dir='ltr'><em>fi</em></span> <span class='ocrx_word' id='word_1_18' title='bbox 800 459 862 516; x_wconf 84' lang='lat' dir='ltr'>alia</span> <span class='ocrx_word' id='word_1_19' title='bbox 880 460 919 515; x_wconf 82' lang='lat' dir='ltr'>de·</span> <span class='ocrx_word' id='word_1_20' title='bbox 967 524 969 526; x_wconf 66' lang='lat'>‚</span> 
     </span>
     <span class='ocr_line' id='line_1_4' title="bbox 233 535 969 619; baseline 0.004 -25"><span class='ocrx_word' id='word_1_21' title='bbox 233 538 296 617; x_wconf 81' lang='lat' dir='ltr'>fint.</span> <span class='ocrx_word' id='word_1_22' title='bbox 319 539 380 595; x_wconf 84' lang='lat' dir='ltr'>Sibi</span> <span class='ocrx_word' id='word_1_23' title='bbox 395 539 456 597; x_wconf 75' lang='grc' dir='ltr'>νενὸ</span> <span class='ocrx_word' id='word_1_24' title='bbox 469 558 573 619; x_wconf 83' lang='lat' dir='ltr'>gratum</span> <span class='ocrx_word' id='word_1_25' title='bbox 593 535 738 597; x_wconf 76' lang='lat' dir='ltr'>adventum</span> <span class='ocrx_word' id='word_1_26' title='bbox 761 535 822 619; x_wconf 78' lang='lat' dir='ltr'>ejus</span> <span class='ocrx_word' id='word_1_27' title='bbox 844 536 916 617; x_wconf 74' lang='lat' dir='ltr'>effe3</span> <span class='ocrx_word' id='word_1_28' title='bbox 966 573 969 608; x_wconf 69' lang='grc' dir='ltr'><strong><em>ς</em></strong></span> 
     </span>
     <span class='ocr_line' id='line_1_5' title="bbox 232 615 968 698; baseline -0.003 -22"><span class='ocrx_word' id='word_1_29' title='bbox 232 615 405 698; x_wconf 70' lang='lat' dir='ltr'>fictumnque</span> <span class='ocrx_word' id='word_1_30' title='bbox 422 622 519 678; x_wconf 85' lang='lat' dir='ltr'>credere</span> <span class='ocrx_word' id='word_1_31' title='bbox 540 620 611 676; x_wconf 76' lang='lat' dir='ltr'>brevi</span> <span class='ocrx_word' id='word_1_32' title='bbox 619 663 631 690; x_wconf 92' lang='lat'>,</span> <span class='ocrx_word' id='word_1_33' title='bbox 646 637 697 689; x_wconf 84' lang='lat' dir='ltr'>ut,</span> <span class='ocrx_word' id='word_1_34' title='bbox 714 619 764 678; x_wconf 84' lang='lat' dir='ltr'>illo</span> <span class='ocrx_word' id='word_1_35' title='bbox 784 615 918 698; x_wconf 82' lang='lat' dir='ltr'>adjuvan·</span> <span class='ocrx_word' id='word_1_36' title='bbox 967 633 968 642; x_wconf 59' lang='lat'>¹</span> 
     </span>
     <span class='ocr_line' id='line_1_6' title="bbox 241 697 918 779; baseline 0 -24"><span class='ocrx_word' id='word_1_37' title='bbox 241 715 267 756; x_wconf 84' lang='lat' dir='ltr'>te</span> <span class='ocrx_word' id='word_1_38' title='bbox 277 742 287 768; x_wconf 89' lang='lat'><em>,</em></span> <span class='ocrx_word' id='word_1_39' title='bbox 302 699 336 756; x_wconf 82' lang='lat' dir='ltr'>ab</span> <span class='ocrx_word' id='word_1_40' title='bbox 355 701 443 779; x_wconf 84' lang='lat' dir='ltr'>portis</span> <span class='ocrx_word' id='word_1_41' title='bbox 462 699 580 759; x_wconf 84' lang='lat' dir='ltr'>Gabinis</span> <span class='ocrx_word' id='word_1_42' title='bbox 597 697 650 776; x_wconf 84' lang='lat' dir='ltr'>sub</span> <span class='ocrx_word' id='word_1_43' title='bbox 669 702 799 759; x_wconf 84' lang='lat' dir='ltr'>Romana</span> <span class='ocrx_word' id='word_1_44' title='bbox 827 699 918 758; x_wconf 74' lang='lat' dir='ltr'>monia</span> 
     </span>
     <span class='ocr_line' id='line_1_7' title="bbox 241 776 533 917; baseline 0.007 -82"><span class='ocrx_word' id='word_1_45' title='bbox 241 778 336 837; x_wconf 83' lang='lat' dir='ltr'>bellum</span> <span class='ocrx_word' id='word_1_46' title='bbox 354 776 533 917; x_wconf 50' lang='lat' dir='ltr'>tranferatur.</span> 
     </span>
     <span class='ocr_line' id='line_1_8' title="bbox 129 855 914 939; baseline -0.005 -22"><span class='ocrx_word' id='word_1_47' title='bbox 129 884 228 925; x_wconf 51' lang='lat' dir='ltr'>sfflw</span> <span class='ocrx_word' id='word_1_48' title='bbox 282 856 359 917; x_wconf 91' lang='lat' dir='ltr'>LIV.</span> <span class='ocrx_word' id='word_1_49' title='bbox 375 857 409 916; x_wconf 90' lang='lat' dir='ltr'>In</span> <span class='ocrx_word' id='word_1_50' title='bbox 431 860 489 917; x_wconf 91' lang='lat' dir='ltr'>ein</span> <span class='ocrx_word' id='word_1_51' title='bbox 508 855 624 917; x_wconf 84' lang='lat' dir='ltr'>consriia</span> <span class='ocrx_word' id='word_1_52' title='bbox 640 856 756 939; x_wconf 85' lang='lat' dir='ltr'>publica</span> <span class='ocrx_word' id='word_1_53' title='bbox 772 857 914 918; x_wconf 83' lang='lat' dir='ltr'>adhiberi:</span> 
     </span>
     <span class='ocr_line' id='line_1_9' title="bbox 130 935 917 1025; baseline -0.003 -28"><span class='ocrx_word' id='word_1_54' title='bbox 130 937 192 1025; x_wconf 43' lang='lat'>{322³</span> <span class='ocrx_word' id='word_1_55' title='bbox 242 936 291 997; x_wconf 86' lang='lat' dir='ltr'>ubi</span> <span class='ocrx_word' id='word_1_56' title='bbox 309 957 397 1019; x_wconf 90' lang='lat' dir='ltr'>quum</span> <span class='ocrx_word' id='word_1_57' title='bbox 411 938 447 996; x_wconf 88' lang='lat' dir='ltr'>de</span> <span class='ocrx_word' id='word_1_58' title='bbox 468 937 528 996; x_wconf 89' lang='lat' dir='ltr'>aliis</span> <span class='ocrx_word' id='word_1_59' title='bbox 548 938 631 997; x_wconf 88' lang='lat' dir='ltr'>rebus</span> <span class='ocrx_word' id='word_1_60' title='bbox 648 935 775 998; x_wconf 83' lang='lat' dir='ltr'>affentire</span> <span class='ocrx_word' id='word_1_61' title='bbox 794 937 822 997; x_wconf 89' lang='lat' dir='ltr'>se</span> <span class='ocrx_word' id='word_1_62' title='bbox 841 954 917 998; x_wconf 87' lang='lat' dir='ltr'>vete-</span> 
     </span>
     <span class='ocr_line' id='line_1_10' title="bbox 70 1014 915 1099; baseline -0.007 -21"><span class='ocrx_word' id='word_1_63' title='bbox 70 1027 74 1033; x_wconf 83' lang='grc'><strong>’</strong></span> <span class='ocrx_word' id='word_1_64' title='bbox 242 1017 319 1078; x_wconf 86' lang='lat' dir='ltr'>ribus</span> <span class='ocrx_word' id='word_1_65' title='bbox 335 1014 455 1077; x_wconf 84' lang='lat' dir='ltr'>Gabinis</span> <span class='ocrx_word' id='word_1_66' title='bbox 472 1017 595 1091; x_wconf 84' lang='lat' dir='ltr'>diceret,</span> <span class='ocrx_word' id='word_1_67' title='bbox 613 1017 715 1099; x_wconf 87' lang='lat' dir='ltr'>quibus</span> <span class='ocrx_word' id='word_1_68' title='bbox 733 1018 778 1077; x_wconf 86' lang='lat' dir='ltr'>hae</span> <span class='ocrx_word' id='word_1_69' title='bbox 793 1019 915 1078; x_wconf 85' lang='lat' dir='ltr'>notiores</span> 
     </span>
     <span class='ocr_line' id='line_1_11' title="bbox 243 1094 914 1177; baseline -0.001 -21"><span class='ocrx_word' id='word_1_70' title='bbox 243 1094 330 1156; x_wconf 79' lang='lat' dir='ltr'>eiient</span> <span class='ocrx_word' id='word_1_71' title='bbox 350 1119 359 1171; x_wconf 84' lang='lat'>3</span> <span class='ocrx_word' id='word_1_72' title='bbox 379 1096 438 1177; x_wconf 89' lang='lat' dir='ltr'>ipse</span> <span class='ocrx_word' id='word_1_73' title='bbox 457 1098 615 1156; x_wconf 85' lang='lat' dir='ltr'>identidem</span> <span class='ocrx_word' id='word_1_74' title='bbox 637 1095 706 1156; x_wconf 88' lang='lat' dir='ltr'>beili</span> <span class='ocrx_word' id='word_1_75' title='bbox 728 1098 825 1158; x_wconf 63' lang='lat' dir='ltr'>audior</span> <span class='ocrx_word' id='word_1_76' title='bbox 844 1094 914 1168; x_wconf 83' lang='lat' dir='ltr'>effe,</span> 
     </span>
     <span class='ocr_line' id='line_1_12' title="bbox 145 1176 914 1259; baseline -0.007 -21"><span class='ocrx_word' id='word_1_77' title='bbox 145 1231 148 1238; x_wconf 74' lang='grc'>,</span> <span class='ocrx_word' id='word_1_78' title='bbox 242 1179 271 1237; x_wconf 91' lang='lat' dir='ltr'>in</span> <span class='ocrx_word' id='word_1_79' title='bbox 286 1198 322 1236; x_wconf 89' lang='lat' dir='ltr'>eo</span> <span class='ocrx_word' id='word_1_80' title='bbox 338 1176 390 1235; x_wconf 84' lang='lat' dir='ltr'>fibi</span> <span class='ocrx_word' id='word_1_81' title='bbox 398 1181 570 1259; x_wconf 86' lang='lat' dir='ltr'>praecipuam</span> <span class='ocrx_word' id='word_1_82' title='bbox 602 1178 761 1239; x_wconf 89' lang='lat' dir='ltr'>rudentiam</span> <span class='ocrx_word' id='word_1_83' title='bbox 771 1176 914 1247; x_wconf 67' lang='lat' dir='ltr'>munere,</span> 
     </span>
     <span class='ocr_line' id='line_1_13' title="bbox 232 1200 914 1340; baseline -0.003 -25"><span class='ocrx_word' id='word_1_84' title='bbox 232 1256 322 1339; x_wconf 71' lang='lat' dir='ltr'>quod</span> <span class='ocrx_word' id='word_1_85' title='bbox 338 1256 480 1340; x_wconf 89' lang='lat' dir='ltr'>utriusque</span> <span class='ocrx_word' id='word_1_86' title='bbox 518 1281 535 1317; x_wconf 96' lang='grc' dir='ltr'><strong>ο</strong></span> <span class='ocrx_word' id='word_1_87' title='bbox 558 1200 600 1317; x_wconf 77' lang='lat' dir='ltr'>uii</span> <span class='ocrx_word' id='word_1_88' title='bbox 607 1260 683 1319; x_wconf 88' lang='lat' dir='ltr'>vires</span> <span class='ocrx_word' id='word_1_89' title='bbox 698 1257 809 1333; x_wconf 72' lang='lat' dir='ltr'>nosset,</span> <span class='ocrx_word' id='word_1_90' title='bbox 825 1257 914 1318; x_wconf 89' lang='lat' dir='ltr'>sciret-</span> 
     </span>
     <span class='ocr_line' id='line_1_14' title="bbox 242 1281 914 1422; baseline -0.004 -26"><span class='ocrx_word' id='word_1_91' title='bbox 242 1358 298 1419; x_wconf 89' lang='lat' dir='ltr'>que</span> <span class='ocrx_word' id='word_1_92' title='bbox 312 1336 431 1398; x_wconf 84' lang='lat' dir='ltr'>invisam</span> <span class='ocrx_word' id='word_1_93' title='bbox 440 1281 570 1420; x_wconf 67' lang='lat' dir='ltr'>proiitiii</span> <span class='ocrx_word' id='word_1_94' title='bbox 581 1337 742 1422; x_wconf 85' lang='lat' dir='ltr'>superbiam</span> <span class='ocrx_word' id='word_1_95' title='bbox 760 1342 865 1422; x_wconf 89' lang='lat' dir='ltr'>regiam</span> <span class='ocrx_word' id='word_1_96' title='bbox 879 1338 914 1395; x_wconf 84' lang='lat' dir='ltr'>ci-</span> 
     </span>
    </p>
   </div>
   <div class='ocr_carea' id='block_1_3' title="bbox 241 1416 913 1878">
    <p class='ocr_par' dir='ltr' id='par_1_3' title="bbox 241 1416 913 1878">
     <span class='ocr_line' id='line_1_15' title="bbox 241 1416 912 1500; baseline -0.007 -21"><span class='ocrx_word' id='word_1_97' title='bbox 241 1418 326 1479; x_wconf 85' lang='lat' dir='ltr'>vibus</span> <span class='ocrx_word' id='word_1_98' title='bbox 346 1416 420 1493; x_wconf 81' lang='lat' dir='ltr'>effe,</span> <span class='ocrx_word' id='word_1_99' title='bbox 440 1440 525 1500; x_wconf 90' lang='lat' dir='ltr'>quam</span> <span class='ocrx_word' id='word_1_100' title='bbox 545 1416 618 1477; x_wconf 90' lang='lat' dir='ltr'>ferre</span> <span class='ocrx_word' id='word_1_101' title='bbox 638 1439 674 1477; x_wconf 91' lang='lat' dir='ltr'>ne</span> <span class='ocrx_word' id='word_1_102' title='bbox 697 1418 780 1478; x_wconf 90' lang='lat' dir='ltr'>liberi</span> <span class='ocrx_word' id='word_1_103' title='bbox 842 1418 912 1477; x_wconf 86' lang='lat' dir='ltr'>idem</span> 
     </span>
     <span class='ocr_line' id='line_1_16' title="bbox 242 1497 913 1581; baseline -0.003 -24"><span class='ocrx_word' id='word_1_104' title='bbox 242 1497 403 1581; x_wconf 87' lang='lat' dir='ltr'>potuissent.</span> <span class='ocrx_word' id='word_1_105' title='bbox 425 1498 468 1558; x_wconf 86' lang='lat' dir='ltr'>Ita</span> <span class='ocrx_word' id='word_1_106' title='bbox 532 1519 580 1557; x_wconf 92' lang='lat' dir='ltr'>um</span> <span class='ocrx_word' id='word_1_107' title='bbox 602 1497 703 1558; x_wconf 80' lang='lat' dir='ltr'>sensim</span> <span class='ocrx_word' id='word_1_108' title='bbox 726 1499 763 1557; x_wconf 82' lang='lat' dir='ltr'>ad</span> <span class='ocrx_word' id='word_1_109' title='bbox 782 1520 813 1559; x_wconf 86' lang='lat' dir='ltr'>re</span> <span class='ocrx_word' id='word_1_110' title='bbox 835 1499 913 1558; x_wconf 81' lang='lat' dir='ltr'>eilan-</span> 
     </span>
     <span class='ocr_line' id='line_1_17' title="bbox 243 1574 902 1661; baseline -0.003 -25"><span class='ocrx_word' id='word_1_111' title='bbox 243 1578 312 1637; x_wconf 91' lang='lat' dir='ltr'>dum</span> <span class='ocrx_word' id='word_1_112' title='bbox 327 1581 467 1661; x_wconf 87' lang='lat' dir='ltr'>primores</span> <span class='ocrx_word' id='word_1_113' title='bbox 519 1579 667 1638; x_wconf 82' lang='lat' dir='ltr'>abinorum</span> <span class='ocrx_word' id='word_1_114' title='bbox 693 1580 843 1653; x_wconf 84' lang='lat' dir='ltr'>incitaret,</span> <span class='ocrx_word' id='word_1_115' title='bbox 858 1574 902 1658; x_wconf 87' lang='lat' dir='ltr'>ips</span> 
     </span>
     <span class='ocr_line' id='line_1_18' title="bbox 243 1656 913 1741; baseline -0.006 -24"><span class='ocrx_word' id='word_1_116' title='bbox 243 1680 309 1718; x_wconf 88' lang='lat' dir='ltr'>cum</span> <span class='ocrx_word' id='word_1_117' title='bbox 329 1657 542 1741; x_wconf 84' lang='lat' dir='ltr'>promptiffimis</span> <span class='ocrx_word' id='word_1_118' title='bbox 552 1656 690 1739; x_wconf 78' lang='lat' dir='ltr'>juvenum</span> <span class='ocrx_word' id='word_1_119' title='bbox 706 1659 860 1739; x_wconf 86' lang='lat' dir='ltr'>praedatum</span> <span class='ocrx_word' id='word_1_120' title='bbox 875 1674 913 1714; x_wconf 78' lang='lat' dir='ltr'>a:-</span> 
     </span>
     <span class='ocr_line' id='line_1_19' title="bbox 243 1733 911 1878; baseline -0.007 -81"><span class='ocrx_word' id='word_1_121' title='bbox 243 1743 345 1826; x_wconf 85' lang='lat' dir='ltr'>quein</span> <span class='ocrx_word' id='word_1_122' title='bbox 367 1741 565 1878; x_wconf 53' lang='lat' dir='ltr'>exgeditiones</span> <span class='ocrx_word' id='word_1_123' title='bbox 584 1741 663 1816; x_wconf 83' lang='lat' dir='ltr'>iret,</span> <span class='ocrx_word' id='word_1_124' title='bbox 683 1741 714 1800; x_wconf 89' lang='lat'>&amp;</span> <span class='ocrx_word' id='word_1_125' title='bbox 733 1739 813 1800; x_wconf 72' lang='lat' dir='ltr'>dietis</span> <span class='ocrx_word' id='word_1_126' title='bbox 831 1733 911 1799; x_wconf 71' lang='lat' dir='ltr'>fauis-</span> 
     </span>
    </p>
   </div>
   <div class='ocr_carea' id='block_1_4' title="bbox 226 1818 910 2861">
    <p class='ocr_par' dir='ltr' id='par_1_4' title="bbox 226 1818 910 2861">
     <span class='ocr_line' id='line_1_20' title="bbox 241 1818 910 1900; baseline 0.004 -22"><span class='ocrx_word' id='word_1_127' title='bbox 241 1840 299 1900; x_wconf 89' lang='lat' dir='ltr'>que</span> <span class='ocrx_word' id='word_1_128' title='bbox 317 1823 396 1880; x_wconf 90' lang='lat' dir='ltr'>omni</span> <span class='ocrx_word' id='word_1_129' title='bbox 417 1842 449 1887; x_wconf 77' lang='lat' dir='ltr'>us</span> <span class='ocrx_word' id='word_1_130' title='bbox 472 1819 507 1878; x_wconf 88' lang='lat' dir='ltr'>ad</span> <span class='ocrx_word' id='word_1_131' title='bbox 523 1819 679 1879; x_wconf 89' lang='lat' dir='ltr'>fallendum</span> <span class='ocrx_word' id='word_1_132' title='bbox 691 1818 827 1880; x_wconf 72' lang='lat' dir='ltr'>instrutiis</span> <span class='ocrx_word' id='word_1_133' title='bbox 844 1838 910 1881; x_wconf 70' lang='lat' dir='ltr'>vata</span> 
     </span>
     <span class='ocr_line' id='line_1_21' title="bbox 242 1898 910 1972; baseline -0.004 -15"><span class='ocrx_word' id='word_1_134' title='bbox 242 1898 411 1958; x_wconf 84' lang='lat' dir='ltr'>accresceret</span> <span class='ocrx_word' id='word_1_135' title='bbox 430 1898 503 1958; x_wconf 86' lang='lat' dir='ltr'>fides</span> <span class='ocrx_word' id='word_1_136' title='bbox 523 1922 532 1972; x_wconf 92' lang='lat'>;</span> <span class='ocrx_word' id='word_1_137' title='bbox 552 1899 609 1958; x_wconf 89' lang='lat' dir='ltr'>dux</span> <span class='ocrx_word' id='word_1_138' title='bbox 636 1900 672 1958; x_wconf 84' lang='lat' dir='ltr'>ad</span> <span class='ocrx_word' id='word_1_139' title='bbox 695 1901 827 1960; x_wconf 89' lang='lat' dir='ltr'>ultimum</span> <span class='ocrx_word' id='word_1_140' title='bbox 848 1898 910 1958; x_wconf 89' lang='lat' dir='ltr'>belli</span> 
     </span>
     <span class='ocr_line' id='line_1_22' title="bbox 242 1977 908 2062; baseline -0.003 -25"><span class='ocrx_word' id='word_1_141' title='bbox 242 1978 351 2059; x_wconf 84' lang='lat' dir='ltr'>legitur.</span> <span class='ocrx_word' id='word_1_142' title='bbox 364 1977 407 2038; x_wconf 87' lang='lat' dir='ltr'>Ibi</span> <span class='ocrx_word' id='word_1_143' title='bbox 423 2001 530 2061; x_wconf 89' lang='lat' dir='ltr'>quum,</span> <span class='ocrx_word' id='word_1_144' title='bbox 541 1978 626 2039; x_wconf 65' lang='lat' dir='ltr'>inscii</span> <span class='ocrx_word' id='word_1_145' title='bbox 643 1981 836 2054; x_wconf 87' lang='lat' dir='ltr'>multitudine,</span> <span class='ocrx_word' id='word_1_146' title='bbox 848 1977 908 2062; x_wconf 89' lang='lat' dir='ltr'>quid</span> 
     </span>
     <span class='ocr_line' id='line_1_23' title="bbox 235 2057 910 2143; baseline 0.006 -28"><span class='ocrx_word' id='word_1_147' title='bbox 235 2070 370 2138; x_wconf 73' lang='lat' dir='ltr'>‘ageretur</span> <span class='ocrx_word' id='word_1_148' title='bbox 380 2104 401 2137; x_wconf 24' lang='lat'>,⁵</span> <span class='ocrx_word' id='word_1_149' title='bbox 414 2060 515 2140; x_wconf 86' lang='lat' dir='ltr'>proelia</span> <span class='ocrx_word' id='word_1_150' title='bbox 529 2082 617 2143; x_wconf 84' lang='lat' dir='ltr'>parva</span> <span class='ocrx_word' id='word_1_151' title='bbox 631 2062 705 2119; x_wconf 90' lang='lat' dir='ltr'>inter</span> <span class='ocrx_word' id='word_1_152' title='bbox 715 2061 842 2133; x_wconf 63' lang='lat' dir='ltr'>‚Romam</span> <span class='ocrx_word' id='word_1_153' title='bbox 861 2057 910 2119; x_wconf 79' lang='lat' dir='ltr'>Ga·</span> 
     </span>
     <span class='ocr_line' id='line_1_24' title="bbox 241 2137 909 2224; baseline -0.004 -28"><span class='ocrx_word' id='word_1_154' title='bbox 241 2137 308 2197; x_wconf 90' lang='lat' dir='ltr'>bios</span> <span class='ocrx_word' id='word_1_155' title='bbox 323 2161 360 2199; x_wconf 88' lang='lat' dir='ltr'>ue</span> <span class='ocrx_word' id='word_1_156' title='bbox 378 2137 499 2214; x_wconf 82' lang='lat' dir='ltr'>fierent,</span> <span class='ocrx_word' id='word_1_157' title='bbox 514 2140 616 2222; x_wconf 83' lang='lat' dir='ltr'>quibus</span> <span class='ocrx_word' id='word_1_158' title='bbox 629 2140 798 2224; x_wconf 89' lang='lat' dir='ltr'>plerumque</span> <span class='ocrx_word' id='word_1_159' title='bbox 807 2140 909 2201; x_wconf 79' lang='lat' dir='ltr'>Gabina</span> 
     </span>
     <span class='ocr_line' id='line_1_25' title="bbox 240 2161 909 2301; baseline -0.003 -24"><span class='ocrx_word' id='word_1_160' title='bbox 240 2239 285 2278; x_wconf 87' lang='lat' dir='ltr'>res</span> <span class='ocrx_word' id='word_1_161' title='bbox 304 2161 432 2301; x_wconf 66' lang='lat' dir='ltr'>iuperior</span> <span class='ocrx_word' id='word_1_162' title='bbox 447 2219 514 2284; x_wconf 80' lang='lat' dir='ltr'>effet</span> <span class='ocrx_word' id='word_1_163' title='bbox 525 2245 534 2294; x_wconf 90' lang='lat'>;</span> <span class='ocrx_word' id='word_1_164' title='bbox 544 2238 605 2279; x_wconf 90' lang='lat' dir='ltr'>tum</span> <span class='ocrx_word' id='word_1_165' title='bbox 621 2223 746 2281; x_wconf 87' lang='lat' dir='ltr'>certatim</span> <span class='ocrx_word' id='word_1_166' title='bbox 762 2220 859 2281; x_wconf 89' lang='lat' dir='ltr'>summi</span> <span class='ocrx_word' id='word_1_167' title='bbox 870 2222 909 2277; x_wconf 86' lang='lat' dir='ltr'>in-</span> 
     </span>
     <span class='ocr_line' id='line_1_26' title="bbox 239 2297 907 2382; baseline -0.01 -19"><span class='ocrx_word' id='word_1_168' title='bbox 239 2297 357 2380; x_wconf 74' lang='lat' dir='ltr'>fimique</span> <span class='ocrx_word' id='word_1_169' title='bbox 368 2299 548 2360; x_wconf 86' lang='lat' dir='ltr'>Gabinorum</span> <span class='ocrx_word' id='word_1_170' title='bbox 562 2299 626 2359; x_wconf 86' lang='lat' dir='ltr'>Sex.</span> <span class='ocrx_word' id='word_1_171' title='bbox 638 2298 826 2382; x_wconf 85' lang='lat' dir='ltr'>Tarquinium</span> <span class='ocrx_word' id='word_1_172' title='bbox 837 2302 907 2359; x_wconf 88' lang='lat' dir='ltr'>dono</span> 
     </span>
     <span class='ocr_line' id='line_1_27' title="bbox 240 2376 907 2462; baseline 0 -26"><span class='ocrx_word' id='word_1_173' title='bbox 240 2378 327 2436; x_wconf 72' lang='lat' dir='ltr'>deum</span> <span class='ocrx_word' id='word_1_174' title='bbox 349 2379 400 2439; x_wconf 80' lang='lat' dir='ltr'>fibi</span> <span class='ocrx_word' id='word_1_175' title='bbox 422 2378 533 2438; x_wconf 83' lang='lat' dir='ltr'>miffum</span> <span class='ocrx_word' id='word_1_176' title='bbox 556 2380 660 2443; x_wconf 89' lang='lat' dir='ltr'>ducem</span> <span class='ocrx_word' id='word_1_177' title='bbox 683 2382 799 2441; x_wconf 89' lang='lat' dir='ltr'>credere</span> <span class='ocrx_word' id='word_1_178' title='bbox 816 2404 822 2441; x_wconf 94' lang='lat'>:</span> <span class='ocrx_word' id='word_1_179' title='bbox 841 2376 907 2462; x_wconf 86' lang='lat' dir='ltr'>apud</span> 
     </span>
     <span class='ocr_line' id='line_1_28' title="bbox 238 2458 907 2529; baseline -0.001 -11"><span class='ocrx_word' id='word_1_180' title='bbox 238 2458 342 2518; x_wconf 86' lang='lat' dir='ltr'>milites</span> <span class='ocrx_word' id='word_1_181' title='bbox 359 2459 430 2519; x_wconf 79' lang='lat' dir='ltr'>verb</span> <span class='ocrx_word' id='word_1_182' title='bbox 447 2458 583 2519; x_wconf 89' lang='lat' dir='ltr'>obeundo</span> <span class='ocrx_word' id='word_1_183' title='bbox 618 2461 722 2519; x_wconf 87' lang='lat' dir='ltr'>ericula</span> <span class='ocrx_word' id='word_1_184' title='bbox 738 2483 771 2520; x_wconf 88' lang='lat' dir='ltr'>ac</span> <span class='ocrx_word' id='word_1_185' title='bbox 789 2462 907 2529; x_wconf 79' lang='lat' dir='ltr'>labores,</span> 
     </span>
     <span class='ocr_line' id='line_1_29' title="bbox 238 2481 907 2618; baseline 0.015 -26"><span class='ocrx_word' id='word_1_186' title='bbox 238 2538 341 2618; x_wconf 85' lang='lat' dir='ltr'>pariter</span> <span class='ocrx_word' id='word_1_187' title='bbox 359 2537 484 2617; x_wconf 89' lang='lat' dir='ltr'>praedam</span> <span class='ocrx_word' id='word_1_188' title='bbox 504 2481 637 2600; x_wconf 72' lang='lat' dir='ltr'>muniiiie</span> <span class='ocrx_word' id='word_1_189' title='bbox 657 2540 697 2597; x_wconf 87' lang='lat' dir='ltr'>iar</span> <span class='ocrx_word' id='word_1_190' title='bbox 717 2541 822 2616; x_wconf 70' lang='lat' dir='ltr'>endo,</span> <span class='ocrx_word' id='word_1_191' title='bbox 840 2537 907 2601; x_wconf 73' lang='lat' dir='ltr'>tanti</span> 
     </span>
     <span class='ocr_line' id='line_1_30' title="bbox 238 2615 907 2702; baseline 0.003 -26"><span class='ocrx_word' id='word_1_192' title='bbox 238 2619 351 2677; x_wconf 85' lang='lat' dir='ltr'>caritate</span> <span class='ocrx_word' id='word_1_193' title='bbox 366 2615 441 2692; x_wconf 79' lang='lat' dir='ltr'>effe,</span> <span class='ocrx_word' id='word_1_194' title='bbox 460 2634 492 2680; x_wconf 93' lang='lat' dir='ltr'>ut</span> <span class='ocrx_word' id='word_1_195' title='bbox 507 2640 567 2678; x_wconf 92' lang='lat' dir='ltr'>non</span> <span class='ocrx_word' id='word_1_196' title='bbox 582 2637 661 2701; x_wconf 85' lang='lat' dir='ltr'>pater</span> <span class='ocrx_word' id='word_1_197' title='bbox 706 2624 847 2702; x_wconf 85' lang='lat' dir='ltr'>atquinius</span> <span class='ocrx_word' id='word_1_198' title='bbox 878 2641 907 2678; x_wconf 81' lang='lat' dir='ltr'>o-</span> 
     </span>
     <span class='ocr_line' id='line_1_31' title="bbox 237 2644 904 2781; baseline 0.009 -27"><span class='ocrx_word' id='word_1_199' title='bbox 237 2698 344 2756; x_wconf 90' lang='lat' dir='ltr'>tentior</span> <span class='ocrx_word' id='word_1_200' title='bbox 360 2698 488 2773; x_wconf 68' lang='lat' dir='ltr'>Rome,</span> <span class='ocrx_word' id='word_1_201' title='bbox 511 2700 597 2781; x_wconf 69' lang='lat' dir='ltr'>quim</span> <span class='ocrx_word' id='word_1_202' title='bbox 613 2698 688 2759; x_wconf 86' lang='lat' dir='ltr'>filius</span> <span class='ocrx_word' id='word_1_203' title='bbox 713 2698 815 2760; x_wconf 84' lang='lat' dir='ltr'>Gabiis</span> <span class='ocrx_word' id='word_1_204' title='bbox 838 2644 904 2760; x_wconf 75' lang='lat' dir='ltr'>etiet.</span> 
     </span>
     <span class='ocr_line' id='line_1_32' title="bbox 226 2774 905 2861; baseline -0.004 -24"><span class='ocrx_word' id='word_1_205' title='bbox 226 2774 352 2856; x_wconf 69' lang='lat' dir='ltr'>itaque,</span> <span class='ocrx_word' id='word_1_206' title='bbox 362 2777 512 2861; x_wconf 85' lang='lat' dir='ltr'>postquam</span> <span class='ocrx_word' id='word_1_207' title='bbox 522 2779 584 2839; x_wconf 86' lang='lat' dir='ltr'>satis</span> <span class='ocrx_word' id='word_1_208' title='bbox 597 2783 699 2840; x_wconf 89' lang='lat' dir='ltr'>virium</span> <span class='ocrx_word' id='word_1_209' title='bbox 715 2781 864 2840; x_wconf 69' lang='lat' dir='ltr'>colletium</span> <span class='ocrx_word' id='word_1_210' title='bbox 874 2775 905 2835; x_wconf 85' lang='lat' dir='ltr'>ad</span> 
     </span>
    </p>
   </div>
   <div class='ocr_carea' id='block_1_5' title="bbox 238 2859 910 2937">
    <p class='ocr_par' dir='ltr' id='par_1_5' title="bbox 238 2859 910 2937">
     <span class='ocr_line' id='line_1_33' title="bbox 238 2859 910 2937; baseline -0.001 -13"><span class='ocrx_word' id='word_1_211' title='bbox 238 2876 339 2924; x_wconf 79' lang='lat' dir='ltr'>omnes</span> <span class='ocrx_word' id='word_1_212' title='bbox 358 2877 474 2927; x_wconf 81' lang='lat' dir='ltr'>conatus</span> <span class='ocrx_word' id='word_1_213' title='bbox 491 2860 628 2937; x_wconf 79' lang='lat' dir='ltr'>videbat,</span> <span class='ocrx_word' id='word_1_214' title='bbox 646 2877 707 2927; x_wconf 84' lang='lat' dir='ltr'>tum</span> <span class='ocrx_word' id='word_1_215' title='bbox 726 2859 810 2925; x_wconf 80' lang='lat' dir='ltr'>esuis</span> <span class='ocrx_word' id='word_1_216' title='bbox 827 2876 910 2925; x_wconf 76' lang='lat' dir='ltr'>urunt</span> 
     </span>
    </p>
   </div>
   <div class='ocr_carea' id='block_1_6' title="bbox 0 0 996 3600">
    <p class='ocr_par' dir='ltr' id='par_1_6' title="bbox 0 0 996 3600">
     <span class='ocr_line' id='line_1_34' title="bbox 0 0 996 3600; baseline 0 2"><span class='ocrx_word' id='word_1_217' title='bbox 0 0 996 3600; x_wconf 95' lang='lat' dir='ltr'> </span> 
     </span>
    </p>
   </div>
  </div>
 </body>
</html>
