1984 3600
208 194 430 264 Lrurcn
486 189 588 263 III,
673 206 745 292 291'

64 301 173 369 summa
189 311 222 372 vi
239 310 349 370 bellum
365 328 510 395 apparare.
528 308 627 393 Itaque
644 310 743 393 partiri
757 328 857 376 ιιι-ι’

64 391 225 527 q'rovincias
241 390 371 450 consules
389 387 461 470 juffi.
484 390 607 451 Horatio
627 389 742 466 Sabini,
760 397 855 487 {lg-³0⁶·

96 469 181 528 alerio
198 469 285 552 AEqui
303 469 461 552 Volscique
484 490 617 532 evenere.
642 470 744 550 Quum
773 470 806 486 '⁹

67 548 106 607 ad
115 570 147 609 ea
155 550 231 610 bella
246 549 388 610 deleemm
398 548 545 610 edixissent
555 590 565 623 ,
576 549 676 645 favore
688 552 747 646 ple·

67 626 113 688 bis
122 650 178 690 non
193 628 320 711 juniores
333 629 425 689 modb
435 627 507 705 „sed
522 632 648 691 emeritis
659 647 746 693 enam

68 706 231 790 stipendiis,
246 732 311 792 pars
330 731 377 769 nra
396 731 432 768 na
445 710 690 786 voluntariorum
709 711 746 773 ad

70 791 182 849 nomina
206 789 299 850 danda
337 730 418 850 raesb
440 788 519 851 fuere
543 786 667 873 3e6que
686 812 746 853 non

70 869 152 949 copii
174 871 287 944 modo,
306 813 355 929 sid
374 890 477 952 genere
500 874 585 931 etianr
603 872 745 947 rnilitum,

71 951 207 1008 veteranis
227 950 380 1024 admixtis,
400 948 509 1010 firmior
526 954 664 1012 exercitus
682 951 744 1014 fuit.

73 1022 228 1110 Priusquam
245 1029 348 1091 urbem
360 1030 581 1112 egrederentur,
599 1032 677 1114 leges
696 1033 745 1092 de·

76 1110 234 1169 cemvirales
245 1150 255 1183 ,
265 1109 368 1192 quibus
379 1112 481 1170 tabulis
489 1114 627 1171 duodecim
639 1111 679 1172 est
693 1133 746 1173 no·
781 1122 859 1164 mint.

75 1206 139 1249 men
154 1233 164 1264 ‚
181 1191 211 1248 in
230 1212 268 1250 aes
285 1188 384 1249 incisas
400 1193 430 1248 in
449 1191 565 1271 publico
590 1191 746 1273 proposue·
759 1171 812 1213 ΧΠ·

76 1284 144 1328 runt.
164 1267 254 1342 Sunt,
279 1271 328 1350 qui
354 1267 425 1350 jussu
447 1272 625 1331 tribunorum
648 1272 746 1332 aediles

77 1343 180 1408 funtms
201 1369 238 1409 eo
255 1347 410 1409 ministerio
426 1347 555 1409 scribant.

114 1426 213 1488 LVIII.
227 1426 264 1490 C
274 1427 410 1490 Claudius
423 1427 491 1509 (qui
504 1426 621 1511 perosus
631 1430 745 1489 decern·

78 1507 197 1567 vitorum
210 1507 331 1581 scelera,
350 1510 383 1569 δι
392 1524 456 1567 ante
475 1529 577 1567 ornnes
592 1507 682 1567 fratris
695 1509 748 1569 filii

81 1582 206 1666 superbiae
224 1586 359 1658 infestus,
378 1588 540 1668 Regillum,
558 1589 701 1676 antiquam
718 1591 748 1648 in

81 1668 189 1743 patriam
194 1712 205 1739 ,
219 1661 248 1727 se
269 1665 450 1745 contulerat)
469 1669 492 1724 is
511 1686 615 1747 magno
629 1688 687 1746 qam
698 1688 749 1727 na-

81 1758 126 1817 tu,
140 1764 222 1826 quum
238 1747 275 1807 ad
290 1748 417 1829 pericula
433 1743 495 1826 ejus
511 1745 689 1827 deprecanda
708 1769 749 1808 re·

82 1822 173 1899 disset,
189 1823 267 1906 cujus
281 1829 352 1887 vitia
367 1826 494 1908 fugerat,
509 1824 666 1887 sordidatus
682 1849 749 1889 cum

83 1906 221 2039 gentilibus
239 1905 444 1988 clientibusque
463 1908 493 1964 in
510 1905 576 1967 foro
600 1906 749 1988 prensabat

96 1985 196 2065 rngulos
206 2008 216 2060 ;
226 1987 380 2069 orabatque
392 2030 401 2058 ‚
413 1989 459 2045 Ne
477 1983 596 2048 Claudio
606 1990 679 2067 genti
690 2010 750 2047 eam

86 2062 184 2143 inquam
199 2067 333 2126 maculam
346 2067 467 2135 vellem,
480 2083 511 2124 ut
528 2086 627 2124 carcerc
644 2067 671 2124 sc
687 2069 749 2126 uin·

87 2144 147 2202 culis
160 2147 306 2206 uiderentur
319 2148 401 2226 digni.
423 2147 533 2214 Virum,
550 2145 750 2222 honoratiffimoe

87 2220 199 2303 magnis
214 2223 338 2304 fictumm
358 2227 399 2284 ad
415 2225 552 2304 possem,
574 2224 658 2303 legum
679 2226 751 2284 lato·

88 2320 155 2375 tem,
176 2309 382 2384 conditoremque
408 2304 528 2364 Romani
544 2299 616 2381 juris
633 2345 645 2373 ,
661 2300 751 2381 jacere

89 2380 753 2464 vmmminmfimsnotlumosaclaomenAver·

90 2473 159 2526 terent
170 2465 203 2521 ab
219 2467 260 2524 ira
269 2465 454 2544 pammperad
467 2465 640 2543 cognitionem
650 2467 752 2543 cogito·

91 2538 222 2622 floremque
234 2547 368 2615 animos3
384 2543 411 2602 se
425 2542 521 2622 potiris
530 2564 611 2602 unum
620 2559 660 2601 tot
670 2544 752 2608 Clau·

92 2618 138 2684 ‚diis
147 2623 341 2702 deprecantibus
349 2624 527 2682 condonarent
534 2664 546 2693 ‚
556 2622 636 2699 quim
649 2633 756 2701 propre?

95 2699 163 2757 unius
181 2705 269 2762 odium
288 2703 428 2761 multorum
444 2721 533 2782 preces
547 2698 752 2779 aspernaremur·

97 2774 125 2840 Se
135 2800 229 2864 quoque
238 2783 270 2844 id
273 2783 361 2866 gemti
374 2801 408 2842 ac
424 2780 604 2917 mminiNdare
610 2820 626 2852 ,
637 2798 685 2839 mc
695 2800 755 2846 cum

155 2869 158 2875 .
511 2870 516 2876 .
575 2874 595 2936 u
