1984 3600
231 226 461 296 Lrnrn
521 229 562 295 V.
672 224 741 323 465

52 332 179 400 Clufium
197 338 308 404 Gallos
330 342 369 402 ab
386 342 518 416 Anime,
533 340 583 402 seu
602 361 661 423 quo
685 343 745 403 alio
755 366 856 399 m-

54 409 190 494 clurino,
204 422 433 497 addudios3sed
449 444 520 493 eos,
531 424 581 504 qui
597 421 851 514 oppugnaffgugg·
870 471 872 476 .

54 500 144 559 verint
159 499 321 576 Clusium,
338 524 398 563 non
417 501 515 575 fuiffe,
533 504 582 582 qui
594 504 679 583 primi
693 502 747 562 Al·
766 497 771 512 '
794 485 815 522 '³
843 496 851 509 ’

53 595 101 655 pes
108 580 273 642 transierint
285 628 296 656 ‚
308 582 374 643 satis
386 580 494 643 constat
504 583 652 660 :ducentis
662 585 746 664 quip-

53 676 88 735 pe
96 663 176 720 annis
187 665 277 736 ante,
289 664 380 743 quim
391 660 520 723 Clusium
530 682 744 744 oppugnarent,

55 736 213 822 urbemque
243 743 378 806 Romam
401 759 554 824 caperent,
579 744 609 800 in
635 741 745 804 Italiam

54 812 126 880 Galli
135 821 391 883 tranffcenderunt
401 845 412 896 3
424 843 476 883 nec
487 843 554 881 cum
564 821 607 880 his
620 823 745 902 primum
792 888 796 895 ,

55 892 261 976 Etruscorum,
281 902 336 964 sed
348 905 439 962 multo
459 902 524 964 ante
543 893 609 964 euin
625 904 678 976 iis,
696 904 745 983 qui

56 974 745 1064 interApenninumAlpesqueincolebant,saepe

58 1062 196 1121 exercitus
223 1060 340 1123 Gallici
358 1082 531 1145 pugnavere.
553 1059 713 1122 Tuscorum
734 1108 744 1136 ‚
769 1064 841 1144 Μή

57 1154 117 1197 ante
130 1139 310 1203 Romanum
324 1145 491 1224 imperium,
505 1141 560 1203 late
575 1144 648 1203 terrai
662 1128 832 1212 marissiiq'i.“”

59 1236 114 1296 que
125 1243 199 1301 opes
213 1241 354 1304 patuere:
367 1225 436 1283 mari
449 1221 558 1303 Supero
570 1222 724 1303 inferoque
734 1263 745 1298 ‚
754 1224 809 1261 Ψ·

60 1297 160 1375 quibus
176 1300 265 1363 Italia
283 1302 381 1364 insula
394 1303 484 1376 modo
506 1303 647 1383 cingitur,
660 1325 747 1383 quam

61 1390 119 1437 turn
136 1386 313 1462 potuerint,
338 1386 454 1444 nomina
472 1381 536 1462 ¹sunt
559 1400 747 1464 argumento,
794 1423 797 1426 -

62 1458 136 1535 qubd
154 1463 284 1524 alterum
300 1460 427 1529 Tuscum
442 1464 588 1523 communi
603 1463 748 1526 vocabulo

61 1542 148 1675 gentis
156 1585 166 1615 ‚
175 1544 307 1604 alterum
313 1542 490 1603 Adriaticum
499 1563 596 1615 mare,
608 1543 643 1602 ab
655 1542 747 1605 Adria

89 1617 221 1684 uscorum
239 1624 383 1697 columb,
397 1644 541 1686 vocavere
559 1620 663 1683 Italica
698 1645 747 1683 en·

62 1710 110 1788 15⁵.
118 1699 218 1764 Graeci
232 1703 340 1765 eadem
348 1702 533 1786 Tyrrhenum
549 1721 633 1784 atque
643 1645 748 1768 Adria.

64 1790 149 1841 ntum
166 1803 292 1846 vocant.
311 1782 335 1844 Ii
356 1787 386 1845 in
407 1802 557 1866 utrumque
579 1805 656 1844 mare
680 1804 753 1844 ver*

66 1876 163 1938 gentes
176 1867 330 1929 incoluere
349 1865 465 1925 urbibus
482 1864 623 1925 duodenis
639 1881 749 1940 terras,

66 1940 141 2017 ptius
156 1947 198 2007 cis·
215 1946 408 2028 Apenninum
431 1945 468 2005 ad
491 1942 618 2007 Inferum
641 1966 749 2020 mare,
832 1952 834 1956 ’

69 2018 165 2096 postea
178 2043 259 2087 trans
270 2024 455 2107 Apenninum
465 2024 604 2096 totidem,
621 2042 693 2107 quot
704 2046 750 2085 tas

69 2099 125 2177 pita
140 2108 265 2189 originis
283 2123 387 2180 erant,
409 2105 532 2165 coloniis
550 2102 662 2178 miffis,
684 2126 748 2185 quat

71 2192 142 2241 tratis
154 2183 269 2246 Padum
285 2189 382 2249 omnia
402 2185 486 2257 loca,
508 2200 633 2264 exceptu
649 2183 751 2243 Vener

72 2271 165 2322 turum
179 2266 310 2349 angulo,
362 2268 368 2280 '
380 2263 471 2324 smum
482 2262 686 2326 circumcolunt
694 2283 751 2322 ma·

71 2339 124 2413 ris,
137 2343 231 2428 usque
248 2346 285 2405 ad
300 2347 327 2406 A
340 2368 392 2428 pes
403 2361 531 2405 tenuere.
549 2342 663 2424 Alpinis
679 2364 752 2425 quo.-
858 2348 861 2353 ’

74 2438 128 2498 que
143 2444 178 2485 ea
207 2426 322 2487 entibus
335 2425 507 2487 hauddubie
525 2427 607 2507 urigo
622 2421 680 2498 est,
693 2445 753 2484 ma·

74 2500 149 2562 xime
164 2447 299 2580 Riuaetis3
316 2528 389 2588 quos
410 2506 476 2567 loca
490 2502 552 2586 ipsa
572 2502 724 2566 efferarunt
740 2544 751 2578 ,

76 2585 195 2663 nequid
210 2605 247 2646 ex
256 2588 391 2667 antiquo,
401 2603 503 2667 praetet
517 2585 619 2649 sunum
629 2587 756 2667 lingue,

74 2677 128 2720 nec
145 2686 215 2726 eum
233 2668 450 2747 incorruptum,
469 2668 644 2728 retinerenu'
699 2722 701 2725 .
786 2691 861 2749 Μ.

114 2739 256 2806 mlv.
275 2744 324 2811 De
343 2743 457 2805 transitu
478 2746 509 2803 in
527 2742 637 2808 ltaliam
655 2742 863 2833 Galibvgffl·

77 2821 853 2965 mnhaeeaceepimusoeriscoTapvinioRomnasu-

579 2924 601 2966 v
