1984 3600
194 193 283 269 'AD
310 191 650 269 LECTOREM.
742 200 779 273 ix

64 310 109 415 fi
124 315 204 407 quid
217 317 374 406 reliquum
382 311 470 411 fit
455 338 494 381 m
509 313 601 383 livio
615 318 776 407 ,perexi-

80 411 454 507 guumvidcridebcat,
481 409 599 501 inquo
619 413 683 483 levi
696 440 778 506 par·

87 510 189 598 'vtique
204 532 298 599 opera
287 507 377 577 alii
394 502 659 599 dcfimgautur.
759 560 762 575 ,

135 605 238 677 Anno
255 599 391 710 588,
384 626 419 669 ιιι
433 598 579 671 editione
590 603 777 677 Francofut

86 698 190 786 tensi,
212 723 266 791 cu]
267 723 306 768 us
318 721 431 768 curam
444 697 477 765 in
490 697 523 767 se
534 697 667 793 suscepit
677 701 777 772 Fran·

88 796 190 866 ciscus
211 725 377 883 Modus,
401 794 546 888 priorum
567 796 683 866 Livii
674 816 778 869 rnter·

88 911 219 986 preturn
234 889 323 960 notis
340 889 407 959 suas
423 890 521 960 etiam
535 888 691 985 adjturxit.
707 893 777 966 Has

93 1014 169 1058 cum
183 984 436 1082 plerisqueLivii
451 992 776 1082 commentatoribus,

91 1111 174 1181 quos
194 1080 332 1155 Modius
351 1082 521 1175 vulgarat,
547 1086 696 1179 repetiit,
719 1088 777 1156 iis-

91 1207 155 1276 que
172 1172 326 1273 insuper
317 1178 422 1269 Junxit
432 1178 533 1249 Fulvii
543 1181 650 1252 Urfini
662 1200 778 1272 notas,

93 1279 131 1350 ὃ(
155 1276 305 1347 Marcelli
316 1274 444 1347 Donati
462 1273 747 1349 dilucidationes
740 1302 776 1349 ιιι

93 1374 225 1445 Lrvrum
238 1370 336 1442 Janus
349 1370 517 1441 Gruterus
723 1422 725 1427 .

142 1469 208 1538 Hic
228 1468 383 1554 Livium,
404 1465 446 1536 ad
469 1469 649 1563 rmnuscrip
650 1489 703 1541 tos
724 1470 779 1541 in·
836 1544 838 1549 ,

97 1561 302 1635 {truffiffunae
324 1564 567 1652 bibliothecae,
603 1590 679 1657 quae
702 1584 779 1636 tunc

99 1680 189 1754 temp
190 1661 254 1730 oris
272 1657 499 1754 Heidelbergae
514 1677 605 1746 erat,
627 1659 780 1739 exailum

96 1756 199 1830 edidit
216 1754 414 1828 Francofutti
434 1780 523 1827 anno
547 1754 650 1829 1608
666 1755 779 1829 Altera

94 1856 165 1948 ejus
188 1852 289 1925 editio
312 1854 422 1924 lucem
448 1851 531 1922 vidit
557 1879 645 1936 anno
672 1853 777 1947 1619.

93 1952 242 2024 Tertiam
255 1948 397 2044 denique
411 1950 556 2043 vulgavit
571 1975 659 2020 anno
675 1950 779 2044 1627,

96 2049 210 2144 paucis
229 2046 356 2117 tannim
380 2043 494 2116 diebus
514 2063 588 2115 ante
610 2064 779 2120 mortem:

97 2143 151 2215 sed
160 2144 248 2214 hanc
255 2138 472 2235 ‚jampridem
486 2143 607 2213 morbo
613 2141 782 2232 detentus

99 2241 137 2313 ὅ(
147 2240 287 2312 Brettae
280 2263 314 2307 m
328 2238 443 2312 ultimo
455 2235 648 2307 palatinatu
662 2242 782 2350 angulo

98 2336 315 2422 delitescens,
344 2358 454 2405 curate
480 2334 546 2427 ipse
570 2358 640 2403 non
667 2336 781 2427 potuit.

100 2429 223 2524 Qui
194 2456 264 2542 ejus
285 2431 423 2500 nomine
446 2430 670 2592 praefuerunt,
698 2430 784 2504 Livii

99 2548 227 2599 textum
240 2526 418 2598 innumeris
430 2526 535 2596 locis
528 2526 784 2619 interpolatum,

102 2624 243 2720 demptis
264 2639 320 2694 aut
342 2618 455 2691 additis
477 2618 520 2692 ad
542 2622 670 2692 libitum
689 2621 798 2703 voci·

102 2721 185 2821 bus,
203 2736 259 2798 aut
276 2717 365 2795 mue
381 2715 595 2817 transpofitis,
616 2715 654 2785 ὃ(
673 2712 789 2785 admis-

577 2854 645 2901 RV
