1984 3600
166 251 388 319 ΗΒΕΑ
447 246 547 317 ΙΙΙ.
635 270 698 343 213

50 361 146 424 minibus
167 366 278 447 magis,
295 364 382 445 quim
398 367 500 445 pecori
518 384 525 423 :
549 366 582 425 &
602 385 705 425 auxere
719 388 816 419 =.-.=

47 444 94 501 vitu
106 447 196 505 morbi
208 463 335 519 ‚terrore
347 444 541 526 populationis
553 445 705 526 pecoribus
718 445 816 533 F‘cssgl·

48 523 231 616 agrestibusque
243 527 273 584 in
290 525 392 583 urbem
410 527 543 619 acceptis.
562 523 603 584 Ea
617 526 707 585 collu·
731 506 818 614 '2th'

48 622 85 661 nno
98 608 248 666 mixtorum
273 606 369 664 omnis
388 624 498 686 genens
522 607 708 665 animantium
719 612 793 653 Rom·

51 682 170 745 &odore
189 683 306 745 insolito
323 685 470 759 urbanos,
494 686 527 746 &
548 683 707 767 agrestem,

51 762 187 824 confertum
205 769 235 824 in
256 764 333 823 antia
347 762 442 839 tecla,
464 764 533 824 aestu
554 787 586 824 ac
602 766 708 847 vigiliis

52 846 170 924 angebat,
188 842 401 926 ministeriaque
423 847 452 903 in
471 847 567 906 vicem
586 865 618 904 ac
640 867 710 905 con·

53 927 113 1004 ragin
124 924 181 1007 ipsa
190 923 348 1007 vulgabant
366 925 492 984 morbos.
506 924 564 984 Vix
576 923 709 985 instantes

55 1000 225 1066 sustinentibus
242 1005 340 1064 clades
355 1006 471 1086 repente
488 1005 572 1088 legati
590 1005 709 1065 Hernici

57 1087 180 1161 nunu'ant,
195 1089 224 1145 in
240 1107 311 1168 agro
333 1083 383 1144 suo
399 1085 436 1144 AE
456 1107 509 1145 uos
533 1084 711 1168 Volscosque
723 1087 820 1186 &5523

57 1162 187 1244 conjunffis
199 1169 291 1247 copiis
302 1163 389 1224 castra
399 1106 516 1246 poiuisse
527 1187 537 1240 ;
547 1167 613 1225 inde
627 1186 712 1225 exer·
720 1154 808 1237 pari·-

57 1243 103 1302 cltu
117 1244 219 1328 ingenti
235 1244 307 1305 fines
322 1243 387 1304 suos
401 1246 577 1326 depopulari.
595 1245 713 1305 Praeteri
723 1246 761 1276 ⁸⁶⁸·

57 1342 125 1460 ptam
138 1327 213 1406 qubd
227 1325 393 1405 infrequens
406 1324 515 1384 senatus
531 1326 638 1385 indicio
654 1342 714 1386 erat

67 1405 126 1462 ociis
144 1404 268 1465 albinium
289 1407 434 1464 civitatem
455 1405 613 1486 pestilenti&
637 1404 714 1477 elle,
736 1454 741 1463 f

59 1482 176 1544 utoellurn
191 1489 272 1545 etiam
292 1483 457 1565 responsum
474 1487 585 1546 tulere:
608 1487 650 1543 Ut
667 1507 718 1567 per

56 1559 85 1638 fe
100 1564 143 1642 ipfi
154 1566 252 1625 Hemiri
268 1587 329 1626 cum
342 1568 451 1625 Latinis
468 1587 508 1624 res
513 1562 583 1641 ficas
598 1582 716 1624 tutaren-

62 1659 107 1701 tur.
121 1645 208 1704 Urbem
219 1650 368 1706 Romanam
376 1645 471 1724 subiti
484 1645 562 1703 deum
577 1644 619 1702 ini
627 1646 717 1704 morbo

58 1724 176 1803 populari.
190 1729 222 1785 Si
238 1750 292 1808 qua
310 1723 368 1807 ejus
383 1727 450 1785 mali
464 1725 540 1805 quies
556 1724 668 1796 veniat,
687 1742 719 1784 ut

62 1825 125 1863 anno
139 1807 213 1879 anti,
228 1827 258 1867 ut
269 1807 374 1888 semper
381 1807 473 1879 aliis,
487 1803 574 1883 fhciis
584 1826 657 1886 opem
674 1805 687 1864 l
705 1839 719 1855 -

63 1884 130 1945 turos:
149 1885 302 1947 Disceffere
330 1886 420 1961 socii,
444 1907 499 1968 pro
522 1882 592 1944 tristi
615 1888 717 1947 nuntio

63 1961 193 2026 tristiorem
206 1968 326 2027 domum
344 1965 498 2026 referentes
514 1986 524 2038 3
543 1967 650 2047 quippe
660 1969 720 2048 qui·

65 2040 108 2102 but
115 2046 202 2183 perse
217 2046 409 2108 sustinendum
424 2046 533 2105 bellum
551 2062 625 2118 enat,
658 2047 719 2106 uod

64 2123 106 2180 vix
138 2130 241 2187 omanis
249 2127 312 2186 fulti
324 2127 433 2186 viribus
445 2121 637 2183 sustinuissent.
680 2146 720 2184 on

65 2201 151 2263 diutius
159 2205 187 2265 se
201 2209 230 2265 in
240 2207 368 2266 Hernico
380 2203 469 2264 hostis
481 2205 620 2262 continuit
632 2224 639 2261 :
654 2224 722 2283 per-

65 2283 165 2417 gitinde
182 2285 297 2346 infestus
312 2288 342 2343 in
355 2305 438 2367 agros
455 2282 603 2342 Romanos
614 2327 624 2355 ‚
634 2285 726 2342 etiam'

75 2364 185 2423 trebelli
193 2361 435 2445 injuriavastatos.
445 2362 506 2423 Ubi
519 2382 607 2443 quum
618 2362 722 2423 obvius

66 2460 158 2517 nemo,
173 2466 209 2504 ne
219 2448 335 2505 inermis
349 2445 484 2525 quidem,
502 2440 600 2515 fieret,
611 2463 663 2524 per
703 2466 721 2504 e

67 2526 170 2594 omnia,
185 2547 244 2585 non
261 2522 395 2607 praesndiis
414 2524 504 2584 modo
530 2521 637 2583 deserta
647 2466 724 2597 ,Ἑά

69 2602 143 2659 etiarn
157 2604 229 2664 cultu
244 2603 365 2686 agresti,
380 2602 525 2663 transirent
540 2625 549 2677 3
564 2623 728 2684 pervenere·

71 2677 224 2742 nitentium
244 2684 272 2743 la
292 2683 369 2743 idern
391 2681 572 2743 Gabinsvu.
592 2681 726 2742 Mortuus

72 2755 186 2820 AEbutius
198 2780 255 2822 erat
263 2705 409 2824 {iomanus
418 2761 515 2822 consul
526 2783 533 2821 z
544 2761 654 2839 collega
664 2758 726 2839 ejus

73 2831 191 2903 Serulius
210 2846 309 2927 exigua
323 2846 353 2905 in
368 2842 417 2926 spe
431 2842 559 2906 trahebat
579 2840 729 2913 animam
774 2877 776 2882 -
