1984 3600
220 259 440 328 LIBER
500 260 540 328 V.
647 281 715 354 473

73 370 122 433 od
135 374 261 454 procula
271 374 408 449 flumine,
418 375 452 435 &
461 375 551 457 magia
560 371 610 434 fob
619 391 719 435 monte
733 377 831 428 aa
858 377 865 386 ’

46 393 170 527 litent,
193 453 318 515 Romam
338 476 439 515 omnes
458 458 589 536 petiere,
604 457 662 529 .&,
683 475 719 515 ne
731 451 829 555 3352}ss

46 532 141 621 :lautis
159 535 276 617 quidem
293 537 383 617 portis
394 534 490 610 urbis,
504 538 534 595 in
545 555 639 599 arcem
654 556 722 597 con·
745 529 750 540 '

47 635 66 682 u
88 633 185 675 enmt.

63 684 65 686 ¹
112 692 224 756 XXIX.
242 693 344 756 Gallos
359 715 474 791 quoque
490 697 571 757 velut
589 693 723 778 obstupe-
734 744 746 790 s
756 696 817 784 332⁸

46 772 130 833 allos
153 776 320 836 miraculum
338 775 463 838 viclorrae
485 793 544 836 tam
565 761 784 857 repentinae‘lm

48 855 134 914 enuit
154 857 212 928 3&
232 854 284 935 ipsi
303 876 411 938 pavore
430 855 517 916 defixi
532 860 656 937 primum
669 855 723 916 ste-
735 843 818 930 222⁶*

48 949 137 993 erunt
147 980 157 1008 ‚
168 934 249 996 velut
267 938 357 1018 ignari
367 937 437 1017 quid
448 935 606 996 accidiffet:
619 936 723 997 deinde

48 1011 157 1074 nsidias
176 1019 271 1077 vereri
288 1040 299 1089 3
317 1015 461 1096 postremo
479 1015 616 1078 caesorum
635 1016 726 1098 spolia

49 1114 65 1151 e
87 1115 161 1169 ere,
178 1117 292 1156 armoru
364 1117 379 1156 e
394 1097 542 1172 cumulos,
558 1115 589 1158 ut
603 1119 668 1157 mos
683 1099 724 1157 eis

45 1195 54 1232 ε
92 1118 400 1247 ,coacervaremluum
420 1177 554 1249 demum,
574 1176 725 1260 postquam

45 1254 111 1316 rihil
131 1254 250 1337 usquam
267 1255 369 1316 hostile
385 1257 571 1331 cernebatur,
588 1261 666 1320 viam
682 1260 726 1317 in-

44 1332 147 1415 gressi,
163 1337 239 1396 haud
259 1337 352 1397 multo
371 1354 435 1397 ante
453 1335 520 1397 solis
538 1337 669 1398 occasum
689 1337 726 1399 ad

44 1416 149 1476 urbem
160 1412 285 1477 Romam
299 1419 470 1498 perveniunt
480 1418 547 1477 :ubi
558 1438 645 1499 quum
656 1439 728 1500 prae-

44 1493 127 1575 greffi
145 1498 270 1579 equites,
281 1518 341 1557 non
358 1514 455 1578 portae
471 1495 593 1571 clausas,
603 1519 662 1558 non
673 1496 727 1558 sta·
815 1543 820 1556 .

44 1578 156 1637 tionem
174 1598 227 1659 pro
246 1579 337 1657 portis
353 1577 512 1651 excubare,
529 1599 589 1637 non
606 1596 728 1640 armatos

44 1655 99 1715 effe
120 1657 152 1716 in
170 1658 276 1729 muris,
293 1655 464 1735 retulillent‚
481 1658 558 1718 aliud
582 1661 670 1739 priori
690 1658 728 1719 s1-

43 1737 114 1797 mile
133 1736 301 1801 miraculum
319 1757 369 1799 eos
385 1736 511 1801 sustinuit
529 1761 538 1813 3
555 1738 727 1820 nollemque

43 1820 133 1887 veriti
153 1820 300 1901 &ignotae
311 1816 394 1884 situm
409 1819 504 1894 urbia,
514 1822 589 1883 inter
602 1819 727 1883 Romam

43 1916 130 1982 atque
149 1899 294 1968 Anienem
308 1898 482 1975 consedere,
500 1899 726 1981 exploratoribus

44 1976 135 2041 miffis
151 1981 227 2039 circa
246 1981 353 2049 moenia
370 1977 491 2062 aliasque
505 1997 621 2062 portas,
688 2003 728 2041 an·

43 2082 112 2127 nam
128 2056 257 2119 hostibus
275 2060 305 2118 in
323 2060 434 2140 perdita
451 2082 481 2119 re
500 2059 615 2120 consilia
630 2082 646 2120 e
670 2079 725 2122 ent.

44 2139 195 2214 Romani,
213 2161 302 2221 quum
340 2160 383 2198 ars
398 2138 491 2218 major
507 2160 543 2205 ex
557 2142 617 2199 acie
632 2140 725 2199 Veios

45 2217 182 2301 petisset,
202 2240 289 2282 nemo
307 2162 445 2300 ilperelle
464 2238 637 2300 quemquam
654 2240 729 2298 praee·

45 2318 89 2361 ter
100 2321 171 2373 eos,
181 2302 229 2381 qui
238 2299 364 2361 Romam
381 2296 562 2380 refugerant,
578 2297 726 2371 crederet,
757 2309 834 2351 Roma

45 2381 221 2463 complorati
232 2400 333 2447 omnes
347 2380 452 2462 pariter
467 2380 529 2441 vivi
547 2380 727 2462 mortuique,
738 2374 810 2461 2222}

45 2479 139 2527 rotam
157 2461 248 2601 prqpe
263 2462 363 2521 urbem
374 2461 505 2520 lamentis
516 2461 726 2542 impleverunt:

45 2546 178 2624 privatos
217 2541 300 2605 einde
321 2538 411 2601 lullus
431 2538 580 2622 stupefecit
598 2541 728 2622 publicus

45 2641 161 2770 pavor,
181 2618 330 2761 postlqpam
347 2618 728 2760 hostessadelgeffnuntiatum

47 2716 731 2864 {aaliillfflzlt‘lllirllitat:

48 2860 212 2933 audiebam
235 2859 335 2929 Omne
353 2859 420 2928 inde
444 2875 559 2945 tempus
582 2855 729 2949 suspensor.
