1984 3600
186 252 570 333 Lunnn'II'I.
653 262 723 363 257

57 376 146 438 inirent
161 378 372 462 magistratum,
386 380 417 437 in
429 375 495 438 suos
510 397 606 438 mores
618 375 725 440 sonna·
736 384 835 433 223

55 478 89 518 te.
98 458 237 538 Quotidie
255 459 370 520 coibant
379 460 497 518 retnotis
512 460 641 518 arbitris:
655 461 721 519 inde
733 459 836 551 {fg-{22

57 536 722 620 impotentibusinstrufficonsiliis‚quaesecretb
773 533 778 546 ⁶

58 620 87 677 ab
102 619 160 679 aliis
176 619 354 703 coquebant,
364 618 422 698 jam
435 619 511 679 haud
524 614 725 679 diffimulando

56 697 202 779 superbiam
213 746 223 774 ‚
233 702 288 759 rati
304 700 396 759 aditus
405 744 415 772 ,
425 699 656 781 colloquentibus
667 697 726 758 dis-

56 775 156 856 ficiles,
184 781 221 839 ad
245 780 313 840 Idus
344 778 436 839 Maias
463 799 525 838 rem
554 779 723 861 perduxere.

58 856 115 917 Idus
129 878 189 920 tum
199 860 288 920 Maiae
299 859 429 920 solennes
438 858 570 919 ineundis
580 857 725 941 magistra·
748 865 834 925 ‚vtum-

58 938 123 997 tibus
143 957 230 1000 erant.
260 939 344 1000 Initio
361 942 445 1022 igitur
466 938 643 1033 magistratus
664 928 832 1021 pri-llllu’lt.

58 1039 127 1077 nium
141 1020 259 1080 honoris
277 1020 355 1079 diem
374 1020 586 1080 denuntiatione
601 1022 723 1102 ingentis

58 1102 158 1158 terroris
182 1099 321 1182 insignem
345 1099 464 1160 secere:
488 1121 555 1159 nam
574 1120 662 1181 quutn
685 1103 724 1160 ita

86 1180 154 1239 'ores
165 1180 324 1240 decemviri
334 1177 499 1254 servassent,
508 1196 540 1239 ut
550 1201 623 1239 unus
633 1178 723 1240 fasces

59 1199 181 1333 meret,
194 1262 227 1321 &
238 1259 295 1319 hoc
313 1259 421 1341 insigne
436 1262 545 1341 regium
559 1262 589 1318 in
602 1260 722 1336 orbem,

60 1334 125 1397 suam
141 1339 276 1420 cujusque
300 1342 418 1411 vicem,
461 1360 492 1399 er
517 1360 618 1399 omnes
643 1344 722 1413 iret,

59 1414 142 1479 subiti).
160 1440 262 1479 omnes
281 1439 347 1478 cum
367 1362 507 1479 duotllnis
521 1417 641 1478 fascibus
656 1440 723 1500 pto-

59 1496 135 1558 diere.
152 1498 277 1560 Centum
297 1502 328 1558 vi
349 1502 399 1558 'nti
423 1498 535 1558 lillores
555 1498 650 1557 sorum
670 1502 724 1558 ima
748 1512 834 1573 pecem-

59 1577 214 1712 pleverant,
228 1582 261 1641 &
271 1520 390 1640 [εἷρξας
402 1576 513 1638 secures
522 1577 640 1658 illigatas
652 1600 725 1657 prae-
734 1575 817 1657 nfnss‘l

70 1659 173 1717 erebant
181 1680 190 1732 3
199 1679 252 1718 nec
261 1657 399 1719 attinuisse
407 1658 485 1717 demi
491 1656 624 1729 securim,
634 1670 722 1737 quum
734 1657 834 1745 llll*

60 1733 108 1796 sine
127 1741 332 1820 provocatione
355 1740 440 1799 creati
460 1735 568 1813 essent,
588 1738 724 1818 interpre-

60 1817 183 1879 tabantur.
199 1819 315 1879 Decem
325 1840 426 1902 regum
437 1817 543 1899 species
560 1835 619 1876 etat
630 1839 639 1891 3
651 1818 724 1877 mula

60 1897 239 1981 tiplicatusque
257 1917 349 1960 terror
365 1921 424 1958 non
434 1896 540 1957 infimis
550 1897 641 1957 solltm
651 1945 660 1972 ,
672 1898 723 1959 secl

60 1979 216 2055 primoribus
236 1979 364 2051 Panum,
375 1981 440 2037 ratis
457 1977 543 2037 caedis
559 1978 669 2038 causam
687 2001 721 2038 ac

78 2058 216 2139 iincipium
235 2063 323 2141 quaeri
341 2082 350 2132 3
368 2076 419 2130 ut,
439 2056 460 2117 si
478 2060 541 2139 quis
560 2078 723 2118 memorem

61 2076 180 2199 libertatis
199 2161 306 2198 vocem
322 2155 370 2197 aut
386 2140 415 2195 in
432 2135 527 2195 senatu
542 2181 552 2209 ‚
569 2154 616 2195 aut
630 2140 660 2195 in
671 2159 724 2218 po-

61 2216 121 2293 pulo
131 2218 253 2292 misillet,
262 2217 354 2277 statim
361 2221 450 2298 virgae
461 2214 625 2296 securesque
635 2218 722 2276 etiam

63 2295 92 2353 ad
106 2316 259 2359 ceterorum
274 2314 384 2357 metum
403 2294 611 2376 expedirentur.
626 2294 725 2369 Nam,'

62 2393 234 2460 preterquam
244 2378 324 2459 quod
338 2379 368 2436 in
376 2376 487 2458 populo
496 2374 567 2433 nihil
579 2391 637 2433 etat
649 2397 722 2453 prae-

62 2450 130 2528 sidii,
139 2456 242 2518 sublati
255 2460 461 2539 provocatione
472 2501 481 2529 ‚
491 2452 721 2517 intercessionem

62 2553 109 2612 quo
146 2558 161 2599 e
179 2535 315 2597 consensu
330 2535 516 2609 sustulerant3
536 2557 626 2617 quum
644 2539 722 2616 ptio-

61 2632 98 2672 tes
111 2558 263 2678 ltcemviri
280 2616 467 2696 appellatione
483 2614 602 2697 collegae
613 2618 718 2698 corrigi

61 2693 157 2755 reddita
173 2698 208 2756 ab
224 2696 255 2755 se
272 2695 331 2773 jura
350 2694 490 2769 titillent,
512 2696 543 2755 δι
563 2695 720 2777 quaedam,

63 2791 114 2851 que
126 2774 163 2836 sui
178 2775 274 2856 judicii
284 2776 377 2836 videti
390 2774 519 2856 possent,
529 2774 565 2833 ad
577 2774 718 2854 populum

61 2847 208 2930 teienffent.
214 2854 529 2940 Aliquamdiuaequatus
537 2856 610 2915 inter
616 2872 734 2925 omnen·
