1984 3600
229 227 261 297 L
290 243 360 299 tn
384 246 410 299 n
432 247 459 300 n
516 227 596 302 IV.
685 230 751 327 363

51 357 91 404 ex
106 340 296 419 musulatii,
313 342 356 408 C..
371 342 492 419 Furius,
510 345 555 407 M.
575 343 755 422 Postumius,
767 360 865 407 ,ε-ς

56 423 94 484 Α.
107 421 284 488 Cornelius
297 422 398 487 Collus
409 448 417 486 ε
428 446 465 485 ex
481 430 515 486 iis
529 425 630 488 Collus
665 427 757 488 rafuit
768 428 867 520 ⁰·0“³²⁹‘

57 503 129 566 urbi:
139 522 204 567 tres
217 507 341 568 dele&u
349 506 445 568 habito
456 506 575 588 profesti
582 506 644 568 sunt
678 510 756 583 cios,
768 490 786 518 ¹'
808 487 868 527 ‘⁴²¹⁶

61 582 247 647 documento
297 582 433 662 eluere,
472 587 538 648 uam
583 588 686 649 lurium
705 591 759 649 im*

82 667 173 725 etium
200 667 244 727 be
271 687 295 727 o
319 669 417 727 inutile
480 685 517 729 et.
537 610 701 729 llndendo
721 668 759 729 ad

58 682 107 803 lla
122 745 256 829 quisque
275 746 412 821 consilia,
428 769 517 829 quum
527 748 603 809 aliud
618 751 665 810 alii
677 750 760 811 vide<-

59 840 162 900 retnr,
188 845 375 909 aperuerunt
398 828 435 887 ad
461 827 640 889 occasionem
662 827 760 890 locum

61 902 153 966 hostia
164 907 320 968 incertam
331 927 454 990 namque
464 911 572 984 aciem,
580 908 690 992 signum
699 910 760 970 aliis

64 983 123 1044 <lari
138 991 309 1070 receptui,
326 988 386 1050 aliis
400 991 462 1050 cani
480 986 665 1071 jubentibus,
681 992 762 1052 inva»

66 1059 125 1124 sere
136 1068 317 1151 opportune
330 1068 469 1130 Veientes
481 1092 491 1144 ς
504 1068 591 1130 castra
600 1092 653 1153 pro
674 1073 762 1153 inqua

67 1145 193 1209 turbatos
199 1172 244 1210 ac
257 1167 341 1233 terga
351 1150 448 1210 dantes
466 1172 620 1233 accepere:
632 1094 696 1237 pllu
708 1155 763 1212 ita·

66 1230 140 1304 quei
160 1232 329 1306 nominiae,
339 1231 423 1312 quam
435 1232 540 1306 cladis,
552 1230 593 1292 est
602 1251 761 1315 acceptum.

68 1249 175 1368 Moella
192 1312 303 1374 civitas
316 1356 326 1385 ‚
344 1313 422 1373 vinci
435 1310 560 1387 insueta,
572 1311 661 1374 odille
674 1315 763 1373 tribu·

69 1404 142 1460 nos,
157 1389 289 1471 poscere
304 1391 470 1453 dillatorem
485 1415 494 1467 3
509 1395 539 1452 in
557 1414 592 1454 eo
609 1391 714 1454 vertis
730 1415 761 1456 es
850 1405 852 1410 '

71 1466 193 1530 civitatis
203 1492 212 1531 z
223 1474 277 1548 δε,
285 1493 375 1553 quum
384 1472 425 1531 ibi
433 1494 548 1556 quoque
555 1473 656 1556 religio
667 1417 763 1534 obla·

72 1562 130 1621 ret,
142 1570 181 1609 ne
193 1572 262 1613 non
273 1551 366 1635 posset
382 1551 434 1612 nisi
450 1553 485 1612 ab
498 1553 613 1614 consule
631 1555 686 1615 diei
703 1556 763 1615 dic»

72 1639 163 1700 lator,
174 1652 304 1715 augures
313 1629 432 1694 consulti
443 1655 506 1693 eam
515 1636 684 1718 religionem
693 1654 762 1697 exe-

76 1723 161 1769 mere.
179 1711 223 1772 A.
237 1709 393 1776 Cornelius
403 1714 570 1774 dillatorem
583 1715 762 1775 Mamercum
786 1728 874 1771 Mamer·

76 1783 228 1854 AEmilium
241 1792 333 1869 dixit,
344 1797 376 1857 &
386 1793 488 1876 ipseab
499 1816 535 1855 eo
544 1794 675 1878 magister
683 1799 762 1879 equi·
773 1772 862 1865 fflff‘

78 1878 138 1927 tum
155 1871 197 1932 est
217 1873 313 1936 diuus
332 1896 340 1934 z
360 1875 451 1950 adeo,
469 1874 552 1936 simul
566 1876 680 1939 furtum
692 1880 763 1937 eivi-
774 1878 865 1915 ΜΨ·

80 1950 141 2007 tatis
155 1955 271 2016 virtute
291 1956 361 2016 veni
377 1957 469 2038 eguit,
480 1956 551 2016 nihil
569 1957 695 2018 censoria
706 1961 765 2018 ani·

81 2029 244 2096 madverfio
267 2033 382 2109 effecit,
400 2039 553 2116 quominus
576 2040 704 2120 regimen
723 2060 765 2099 re·

87 2123 148 2167 ¹1¹1ss
168 2134 206 2174 ex
232 2132 332 2177 notata
351 2116 410 2176 indi
450 2117 467 2175 ὲ
496 2117 587 2177 domo
649 2134 765 2179 teretur.

86 2178 244 2270 Veientes,
262 2217 294 2256 re
309 2194 413 2256 secund
445 2194 511 2256 elati
525 2240 535 2270 ‚
549 2198 588 2255 mi
657 2199 765 2257 circum

85 2256 200 2333 Etmriae
210 2276 338 2358 populos
356 2277 473 2359 legatis,
492 2275 622 2357 jaliando
641 2292 698 2337 tres
717 2278 765 2338 du-

86 2363 130 2406 ces
140 2349 377 2417 Romanosabse
388 2377 446 2418 uno
456 2357 561 2438 proelio
572 2355 765 2440 fusos,quu1n

86 2438 180 2492 lamen
201 2436 312 2497 nullam
337 2437 443 2518 publici
471 2436 579 2498 consilii
600 2437 765 2500 societatem

89 2512 266 2588 novissent,
286 2516 461 2578 voluntarios
481 2519 608 2603 undique
628 2521 665 2580 ad
683 2518 763 2601 spem

87 2591 189 2663 praedae
200 2595 387 2659 adsciverunt.
394 2598 455 2658 Uni
464 2598 642 2661 Fidenatium
651 2601 762 2683 populo
792 2612 875 2652 fldem·

90 2667 232 2737 rebellare
242 2677 346 2759 placuit
357 2699 368 2751 ;
378 2679 427 2750 &,
440 2697 500 2739 tam
540 2702 586 2741 am
599 2680 651 2740 nisi
661 2679 764 2741 absce·
775 2664 876 2751 man·

91 2740 145 2809 lere
158 2753 271 2817 bellum
284 2757 373 2818 ordiri
385 2756 463 2818 nefas
475 2780 491 2820 e
515 2778 559 2834 et,
572 2759 642 2820 sicut
658 2760 764 2842 legato·
860 2773 864 2779 '

92 2841 151 2891 Nm
169 2852 272 2914 antea,
291 2839 331 2901 ita
346 2853 408 2916 tum
426 2859 571 2918 nexorum
593 2839 764 2904 colonorum

529 2916 605 3005 Qij
