1984 3600
298 283 351 327 ru
379 268 470 328 Lan.
491 268 556 331 IV.
704 290 763 356 537

117 364 246 438 Equurit
260 367 375 442 Quintius
376 406 449 422 .....
458 373 560 440 gloriam
574 374 685 445 collega,
700 377 746 444 qui
753 414 763 437 ,

53 443 185 496 scilicet
202 445 289 512 glorii.
304 445 341 494 lta
357 443 431 512 longe
450 447 533 511 plures
549 446 648 514 scripti,
663 450 688 500 &
703 450 764 501 editi

55 530 190 570 veteres
207 518 351 567 constanter.
369 518 452 585 Vulgo
471 518 552 569 editur
569 524 609 586 qui
625 523 666 572 vel
682 527 747 588 quia.

75 608 79 613 ·
122 605 170 640 12.
192 587 267 660 Quod
282 588 323 654 ufir
340 589 450 650 menstruo
462 589 592 658 strpereffet.
611 594 652 644 Sic
670 595 762 645 habent

54 660 172 728 scripti
190 662 290 712 &editi
307 661 418 727 priores,
433 663 459 713 &
474 665 508 713 ita
525 664 657 731 scriptores
675 668 763 733 optimi

57 735 170 789 casum
183 733 248 784 hunc
260 746 352 801 quarta
364 735 534 788 declinationis
548 737 654 790 formare
666 734 761 804 solent,

58 825 129 876 pro
150 807 212 871 usui.

121 896 169 946 13.
189 877 248 950 Quo
261 878 381 945 postquam
393 877 451 945 siant
466 882 566 941 audita,
581 882 604 932 6*
619 886 725 951 undique.
735 920 742 936 .
751 879 778 938 .”

53 957 240 1023 increparent.
261 952 386 1002 Struuura
405 954 523 1005 orationis
544 956 670 1007 videretur
687 975 762 1009 accu-

60 1027 180 1086 ratior,
193 1023 210 1073 si
224 1041 269 1090 pro
285 1024 457 1089 conjuniiione
471 1026 509 1086 ὃ,
524 1045 577 1094 quae
591 1029 689 1080 videtur
702 1032 762 1082 loco

53 1117 133 1157 ‘non
154 1097 199 1147 suo
217 1097 310 1163 posrta,
326 1099 469 1166 legeretur,
485 1117 553 1166 quum
567 1103 665 1170 undique
667 1138 761 1157 ......

60 1178 238 1237 increparent.

121 1259 169 1306 15.
181 1241 275 1293 Sororis
282 1242 355 1309 filios
369 1247 438 1311 regis.
452 1245 489 1294 Ex
503 1258 585 1297 mente
600 1246 662 1297 Livii
672 1287 679 1310 ,
690 1248 762 1300 Bruti

63 1316 160 1369 liberi
181 1328 251 1365 erant
268 1315 359 1383 sororis
369 1316 497 1382 Tarquinii
516 1336 566 1369 non
583 1320 681 1385 quidem
698 1320 761 1384 filii,

64 1391 122 1442 sed
146 1400 262 1453 nepotes.
742 1384 745 1389 ¹

86 1455 92 1463 ⁸
121 1461 168 1512 16.
184 1458 252 1510 Bova
269 1477 362 1510 aurato.
384 1460 483 1510 Auratis
504 1461 615 1511 nimirum
635 1464 761 1517 cornibus.

69 1535 134 1587 Sed
161 1536 252 1584 bovem
279 1547 389 1585 auratum
414 1536 569 1602 nugatorium
595 1535 643 1586 esse
666 1535 760 1600 judicat

67 1608 136 1661 Jac.
150 1605 311 1669 Gronovius,
327 1605 358 1656 eo
376 1606 451 1674 magis
470 1605 536 1672 quod
554 1624 585 1657 eo
603 1608 705 1658 donatus
722 1610 760 1658 di-

69 1693 157 1733 catur
177 1691 247 1730 extra
265 1691 362 1744 portam
377 1679 550 1747 Trigeminam.
571 1679 656 1746 ltaque
675 1683 761 1749 legen·
816 1698 821 1707 ·

70 1756 142 1806 dum
161 1751 246 1803 censet
262 1750 319 1802 bove
335 1752 358 1802 ὁ
367 1766 445 1815 prato.
464 1751 761 1824 Crevieriussuspicatur

71 1832 170 1879 iocum
195 1825 307 1875 mutilum
331 1826 399 1888 effe,
421 1824 534 1891 scripsisse
559 1838 641 1875 autem
664 1827 760 1879 Livium

72 1902 143 1952 bove
163 1914 248 1948 aurato
266 1897 381 1960 &statua
392 1893 465 1946 ⁴eastra
481 1914 575 1964 porram
591 1898 759 1967 Trigeminam,

73 1990 134 2042 quo
161 1972 188 2021 in
211 1973 268 2021 loco
290 1971 381 2020 Plinius
403 1970 515 2021 Minucio
538 1971 637 2022 statuam
657 1973 759 2040 positam

73 2045 157 2097 tuisse
173 2056 301 2093 memorat.

124 2133 169 2180 17.
186 2115 311 2182 collesque.
322 2151 328 2164 .
338 2149 363 2165 ..
377 2130 489 2180 ceperunt.
509 2114 583 2183 Legit
599 2115 759 2181 Perizonius,

75 2192 163 2243 colles
181 2194 239 2256 qui,
256 2190 282 2241 &
297 2185 354 2239 inde
377 2188 484 2255 exsurgit
505 2187 619 2237 structura
639 2191 760 2240 orationis

75 2262 186 2316 melior.
278 2305 282 2312 .
642 2257 643 2262 ¹

125 2336 170 2387 18.
194 2333 268 2407 Quod
284 2333 358 2399 fimul
378 2330 508 2400 conspexit.
530 2329 615 2400 Vulgi>
638 2336 700 2399 quod
720 2332 762 2385 ubi

77 2407 258 2475 conspexu&
268 2407 351 2475 scripti
362 2423 447 2457 omnes
458 2406 586 2472 &priores
598 2407 657 2456 editi
669 2408 760 2459 habent

71 2482 177 2551 fimus:
195 2480 307 2547 plerique
321 2480 394 2545 fimus
408 2478 455 2529 ubi.
467 2479 563 2542 Aldus,
581 2480 665 2531 deleti
681 2481 761 2547 priori

78 2572 171 2617 voce,
189 2552 280 2603 admisit
301 2555 420 2614 alteram,
441 2570 495 2617 quae
518 2551 564 2602 suit
585 2553 758 2619 interpretatio

79 2627 188 2697 prioris·
209 2627 302 2680 Veram
321 2626 451 2675 lestionem
470 2626 575 2676 restituit
592 2624 644 2678 Jac.
656 2626 759 2679 Grono-

80 2717 152 2755 vaus.

92 2763 94 2766 ⁵
129 2788 170 2839 19.
183 2769 325 2840 Legionibus
334 2768 437 2840 figatis.
451 2768 488 2818 lta
502 2768 637 2833 inscriptis
651 2769 760 2820 &editis

83 2841 214 2914 prioribus
233 2845 309 2894 verba
330 2854 519 2908 componuntur.
539 2841 643 2908 Vulgati
663 2841 760 2894 inverso

85 2918 195 2980 ordine,
210 2915 306 2988 figatis
324 2913 462 2986 legionibus.
599 2981 621 3035 Z
725 2984 732 2994 Ο

259 3003 261 3006 ’
636 3001 653 3036 v
