1984 3600
210 224 428 330 L‘tnsn
485 244 591 317 ΙΙΙ.
673 267 743 342 ²77

79 352 188 440 'collegae
205 359 293 437 elles,
309 364 340 422 in
351 361 447 423 fotum
465 381 502 421 ex
517 362 603 421 altera
617 376 696 442 parte
706 361 853 421 insa!

78 441 199 518 rumpit:
218 442 300 503 videt
316 444 357 502 itn
379 444 469 502 etium
487 443 520 503 vi
535 440 654 503 esaum.
676 439 851 533 sigi-⁰34⁰<-

76 528 141 576 tatus
159 519 266 582 deinde
282 465 516 616 condibatque
528 543 565 581 ex
577 523 657 581 otnni
667 503 775 602 parte*
795 501 852 541 '⁴⁴⁷⁸

77 593 241 662 assentiendo
257 603 354 663 multis
371 601 529 662 audonbus
545 601 694 683 trepidus,
705 600 748 661 se·

78 692 165 737 natum
176 681 326 761 postremi>
337 685 435 743 vocari
443 678 517 761 justit
528 703 537 741 t
548 700 583 741 ea
591 700 655 754 res,
666 681 747 761 qubd

79 774 177 838 magnae
187 764 263 843 parti
272 760 386 822 Patrutn
396 760 545 842 displicere
560 759 620 820 aila
632 760 746 821 decetn-

76 838 190 899 vitotum
206 842 401 916 videbantur,
421 839 471 923 spe
490 861 543 978 per
558 839 683 901 senatum
708 840 744 900 fi-

77 917 174 979 niendae
182 919 332 1003 potestatis
344 920 425 1001 ejus,
439 921 650 981 mutitudinem
661 921 743 981 seda-

78 996 121 1055 vit
134 997 253 1061 Senatus
273 1021 329 1061 nec
350 1001 467 1082 plebem
490 1001 652 1060 irritandam
675 1022 742 1061 een·

79 1071 135 1150 stit,
154 1082 186 1140 &
204 1082 302 1141 multo
326 1083 416 1163 tnagis
439 1079 679 1162 providendum,
702 1101 741 1145 ne

112 1157 134 1216 'd
145 1158 270 1244 Virginii
287 1160 427 1221 adventus
443 1163 473 1219 in
496 1164 619 1221 exercitu
645 1161 740 1222 motus

110 1256 173 1299 eret.

109 1316 138 1378 L
152 1319 254 1404 ltaque
266 1319 340 1381 miffi
361 1318 487 1400 juniores
501 1319 615 1380 Patrum
633 1322 663 1379 in
681 1320 741 1381 cas-

78 1411 128 1470 tra,
140 1420 200 1480 quae
216 1419 282 1461 tum
290 1403 321 1459 in
330 1417 429 1460 monte
438 1400 555 1459 Vecilio
567 1417 646 1459 erant
655 1444 665 1473 ,
674 1421 742 1460 nun»

77 1476 136 1537 uiant
156 1479 347 1553 decemviris,
365 1482 407 1539 Ut
427 1483 500 1540 omni
521 1501 569 1561 ope
582 1503 601 1539 a
609 1479 742 1558 fiditione

78 1559 162 1618 milites
172 1564 349 1621 contineant:
361 1562 410 1619 ubi
422 1559 569 1640 Virginius
580 1558 741 1640 majorem,

77 1637 150 1714 quim
167 1641 322 1723 reliquerat
338 1644 368 1699 in
383 1638 474 1711 urbe,
493 1656 606 1699 motum
624 1641 739 1698 excivit·
751 1656 849 1717 mettin

78 1712 142 1776 Nam
161 1765 172 1791 ,
192 1737 384 1803 praeterquam
409 1718 489 1801 quod
513 1720 625 1801 agmine
648 1718 739 1800 prope
751 1707 823 1757 “¹²¹¹''

77 1797 333 1883 qttadtingentotum
350 1801 501 1860 hominum
524 1801 668 1873 veniens,
691 1801 740 1881 qui
870 1780 891 1822 ⁰

77 1874 180 1939 abutbe
198 1881 367 1962 indignitate
389 1882 429 1940 rei
445 1877 554 1938 accensi
576 1881 695 1939 comites
712 1882 739 1940 ei

77 1952 101 2013 se
112 1956 262 2035 dederant,
270 1958 437 2040 conspedlus
448 1958 489 2019 est
499 1981 508 2033 ;
518 1958 642 2019 liuidum
653 1960 739 2019 etiam

77 2034 169 2112 telum,
183 2038 378 2121 respersusque
392 2039 451 2121 ipse
467 2060 586 2114 cruore,
597 2055 657 2099 tota
669 2041 699 2097 in
709 2038 738 2100 se

79 2114 153 2175 otha
166 2121 330 2180 convertit:
351 2120 384 2180 δι
399 2136 498 2200 togae,
513 2117 693 2178 multifariam
708 2120 738 2177 in

78 2193 239 2258 castrisvvisae
246 2244 255 2273 ‚
262 2196 378 2279 majoris
390 2199 533 2335 aligpnntb
543 2240 553 2268 ‚
563 2198 647 2278 quim
659 2201 738 2271 et‘at,

448 2298 487 2334 nn

79 2269 188 2351 speeiem
195 2279 428 2338 urbanaetnultitu
489 2275 641 2336 slecerant.
648 2273 739 2355 Quae-

79 2355 190 2415 tentibus
208 2359 277 2439 quid
293 2359 335 2417 rei
358 2356 445 2430 esset,
470 2357 541 2415 flens
560 2356 609 2416 diu
630 2375 736 2417 vocem

78 2449 129 2490 nou
143 2434 238 2497 misit:
253 2438 389 2512 tandem,
406 2454 437 2496 ut
454 2435 532 2517 jam,
556 2457 592 2495 ex
615 2437 737 2524 trepidae

79 2510 151 2573 tione
160 2519 384 2578 concurrentium
402 2518 482 2577 turba
493 2514 638 2589 constitit,
655 2538 686 2575 ac
702 2516 736 2577 st·

80 2586 184 2653 lentium
193 2595 261 2670 fuit,
276 2597 377 2656 ordine
387 2595 502 2668 cunila,
512 2613 546 2655 ut
554 2594 629 2678 gesta
641 2613 735 2670 erant,

81 2671 205 2750 exposuit.
223 2674 340 2757 Supinas
358 2676 461 2735 deinde
476 2676 596 2735 tendens
615 2695 735 2748 manus,

80 2754 275 2815 commilitones
285 2756 449 2837 appellans,
463 2755 580 2826 orabat,
593 2757 655 2822 Ne,
664 2757 738 2832 quod

77 2824 149 2900 ludet
157 2834 474 2916 Ap.c1auditeffet,fibi
484 2836 673 2904 attribuerem
683 2853 736 2898 mu
