1984 3600
247 250 313 318 116
440 251 475 319 T.
526 252 736 319 L1V11

132 365 231 457 ff
241 369 291 447 qui
310 367 389 449 regni
403 361 696 449 occupandi'consrlia
708 364 825 441 inisset,
850 383 932 449 gratae

132 431 272 521 ..o'dllin
292 448 344 509 vul
383 468 397 505 s
415 448 493 529 leges
512 446 593 508 suere
613 470 623 522 ;
641 469 710 529 quas
737 466 835 529 quum
860 448 932 514 solus

241 528 343 610 pertul'
368 543 416 603 et,
429 545 461 588 ut
476 526 525 588 sua
541 531 624 587 unius
640 531 669 587 in
685 529 729 586 his
741 529 837 609 gratia
848 526 933 598 esset,

241 624 304 667 tum
316 608 420 667 deinde
430 611 547 668 comitia
555 608 673 689 collegae
687 606 877 689 subrogando
888 609 933 666 ha-

132 698 224 751 suffera,
240 688 313 748 buit.
326 686 445 749 Creatus
456 687 505 770 Sp.
517 689 665 748 Lucretius
680 686 780 747 consul
792 710 803 763 ;
813 691 868 768 qui
878 710 933 746 ma-

132 747 207 837 Ῑῖζῖἱῖ.
243 790 301 852 gno
313 786 396 843 natu,
410 791 471 828 non
486 767 688 828 sufficientibus
702 767 762 848 jam
770 769 888 830 viribus
898 768 929 825 ad

133 848 233 934 {ffiij
244 848 399 909 consularia
417 869 536 909 munera
552 845 708 923 obeunda,
724 852 799 907 intra
823 869 929 931 paucos

133 945 203 984 rarum.
244 930 306 990 dies
331 932 460 989 moritur.
476 928 615 989 Suffedlus
634 933 664 988 in
686 929 815 990 Lucretii
836 931 929 990 locum

244 1010 289 1070 M.
306 1010 442 1070 Horatius
455 1009 602 1071 Pulvillus.
618 1009 709 1091 Apud
727 1009 872 1092 quosdam
884 1029 928 1068 ve·

213 1117 215 1120 ’
243 1107 319 1151 tetes
337 1090 533 1151 auderesnon
547 1093 666 1151 invenio
678 1091 848 1150 Lucretium
864 1109 928 1149 con·

243 1168 334 1230 sulem
352 1192 359 1229 :
379 1170 468 1231 Bruto
486 1170 578 1231 statim
594 1171 747 1231 Horatium
759 1170 924 1254 suggerunt:

227 1297 231 1305 .
245 1250 351 1324 credo,
364 1254 430 1332 quia
445 1252 523 1310 nulla
530 1249 610 1333 gesta
619 1272 664 1312 res
675 1250 727 1309 insi
767 1272 817 1311 em
833 1250 927 1310 fecerit

245 1329 438 1406 consulatum,
449 1334 590 1391 memorii
600 1332 727 1391 intercid'
752 1353 779 1392 e.
789 1331 924 1392 Nondum

246 1412 376 1472 dedicata
399 1415 499 1472 eratin
516 1410 663 1495 Capitolio
677 1412 759 1473 Jovis
776 1413 864 1473 aedes.
874 1409 925 1468 Va·

246 1492 333 1553 lerius
359 1491 550 1574 Horatiusque
575 1490 704 1553 consules
734 1491 849 1566 sortiti,
869 1507 925 1549 uter

246 1574 399 1634 dedicaret.
415 1573 537 1633 Horatio
557 1572 631 1633 sorte
647 1576 767 1634 evenit:
784 1571 924 1634 Publicola

135 1655 236 1743 asisii
247 1655 283 1715 ad
301 1654 469 1716 Veientium
487 1654 596 1713 bellurn
620 1652 772 1736 proseslus.
795 1653 924 1735 AEgrilis‚

137 1720 236 1796 crinein*
268 1736 332 1795 uim
356 1737 474 1818 dignum
495 1753 576 1811 erat,
598 1735 688 1793 tulere
709 1734 819 1794 Valerii
833 1729 939 1809 neces,

247 1758 310 1877 sarii
326 1810 537 1876 dedicaffonem
555 1832 614 1874 tam
635 1815 737 1896 inclyti
754 1833 814 1876 tem
836 1817 856 1875 li
870 1813 922 1873 Ho-

247 1899 319 1956 ratio
332 1897 401 1955 dari.
413 1895 448 1956 Id
467 1895 601 1955 omnibus
619 1896 715 1956 modis
726 1839 867 1978 impedire
879 1915 922 1952 co·

246 1979 323 2050 nati,
341 1973 492 2057 postquam
509 1976 563 2034 alia
584 1974 684 2035 frustra
703 1975 811 2036 tentata
830 1991 921 2041 erant,

228 2055 360 2139 ¹p'ostem
378 2055 437 2137 jam
461 2058 569 2115 tenenti
592 2055 699 2115 consuli
721 2055 834 2117 foedum
857 2060 922 2115 inter

248 2139 443 2219 precationem
454 2136 541 2196 defim
548 2138 678 2196 nuntium
686 2140 826 2196 incutiunt
837 2160 846 2210 3
856 2154 921 2196 rnor-

250 2235 332 2278 tuum
350 2216 410 2298 ejus
435 2216 526 2278 filium
547 2215 619 2291 elle,
639 2216 807 2298 sunestdque
825 2214 921 2276 saruilil

251 2299 383 2359 dedicare
395 2320 461 2357 eum
471 2298 612 2379 templum
621 2318 680 2357 non
692 2296 780 2380 posse.
792 2298 822 2358 N
823 2320 860 2358 on
870 2313 922 2355 cre·

251 2379 355 2439 diderit
369 2377 492 2451 seddim,
510 2400 547 2436 an
567 2377 675 2437 tanturn
697 2380 794 2439 animo
818 2377 920 2438 roboris

250 2457 354 2532 suerit,
374 2479 427 2516 nec
444 2458 562 2519 traditur
577 2476 706 2533 certum,
720 2479 776 2518 nec
795 2460 921 2538 interpre-

250 2541 320 2601 tatio
342 2537 382 2598 est
400 2536 500 2597 facilis.
519 2537 600 2598 Nihil
621 2539 697 2597 aliud
716 2539 753 2598 ad
770 2559 837 2598 eum
856 2556 919 2596 nun-

250 2621 323 2680 tium
346 2640 362 2676 a
379 2617 527 2708 proposito
546 2617 658 2680 aversus
666 2632 679 2694 '‚
698 2619 786 2700 qudm
799 2638 832 2679 ut
849 2616 919 2677 cada·

249 2720 304 2760 ver
323 2696 416 2758 efferri
429 2691 543 2778 Julieret
553 2716 671 2773 ‚tenens
685 2697 820 2781 postem,
834 2716 920 2780 preca·

249 2783 360 2839 tionem
375 2782 504 2861 peragit,
521 2781 553 2839 &
569 2778 681 2838 dedicat
693 2780 844 2860 templum.
857 2777 919 2836 Haec

251 2859 315 2961 1³9st
332 2859 444 2925 exallos
466 2880 547 2945 reges
564 2859 645 2921 domi
665 2861 832 2946 militiaeque
853 2853 922 2945 gestu
