1984 3600
203 254 435 325 [ιω.
482 226 618 325 iri
669 273 734 353 295

49 375 140 438 qum
160 366 251 425 multa
268 365 327 447 jam
344 368 405 428 dies
426 387 505 445 erat,
524 378 621 453 neque
637 389 739 429 move·
751 387 849 421 -ε-ε

50 437 137 501 hatur
155 446 228 527 quid
268 470 316 508 arn
328 449 364 508 ab
379 448 479 526 hoste,
497 449 579 531 jubet
602 448 622 509 st
643 471 679 507 na
699 450 742 507 in·
752 441 853 542 2522·

50 516 119 579 ferri
145 526 223 586 cons
268 551 278 602 ;
303 530 438 611 motique
467 533 558 605 acie,
584 470 743 611 indignatio

53 599 169 694 AEquos
184 610 217 668 δι
226 608 350 669 Volscos
361 607 488 685 incedit,
500 609 653 672 lividiores
664 629 745 668 exer·

54 698 126 742 crtus
144 688 260 747 vallum
276 692 371 770 potius
392 690 478 772 quim
497 694 587 752 virtus
611 692 643 752 δι
667 709 745 749 anne

57 776 211 843 tegerent:
228 771 316 852 igitur
332 768 430 851 &ipsi
448 768 633 853 efflagitatum
643 770 679 829 ab
696 770 747 829 du-

57 843 138 903 cibus
149 846 264 930 signum
275 871 377 932 pugnae
392 871 536 932 accepere.
548 851 668 931 Jamque
681 871 745 931 pars

61 925 168 1004 egressa
205 932 275 989 ortis
293 948 370 1004 erat,
390 930 580 1012 deincepsque
597 932 645 991 alii
657 929 747 993 serva·

62 1001 128 1065 bant
142 951 296 1083 ordinem,
309 1012 340 1068 in
357 1009 437 1070 suum
470 1009 567 1093 uisque
584 1012 681 1071 locum
698 1011 747 1070 de-

65 1080 251 1164 scendentes,
268 1112 357 1171 quum
374 1033 472 1150 consiil
487 1091 633 1151 Romanus
648 1093 746 1171 prius,

67 1165 150 1243 quim
166 1172 235 1229 totis
254 1170 364 1229 viribus
384 1168 454 1229 fulta
471 1169 611 1230 constaret
622 1169 748 1230 hostium

67 1248 162 1321 acies,
177 1249 273 1309 intulit
287 1248 364 1331 signa
378 1273 388 1324 ;
402 1249 571 1331 adortusque
582 1271 635 1309 nec
645 1271 747 1310 omnes

69 1322 137 1385 dutn
153 1329 291 1402 edublos‚
309 1350 383 1403 nec,
399 1333 447 1410 qui
468 1347 565 1402 erant,
579 1328 641 1388 satis
656 1330 749 1409 expli·

70 1409 135 1466 catis
149 1409 315 1481 ordinibus,
332 1411 423 1490 propi
442 1410 627 1469 ssudiuantetn'
638 1411 749 1487 turbam

71 1489 270 1566 trepidantium
290 1489 345 1548 huc
363 1507 446 1570 atque
463 1491 551 1561 illuc,
568 1487 752 1567 circumspec-

73 1569 247 1649 tantiumque
263 1565 291 1626 se
301 1589 333 1627 ac
344 1565 424 1640 suos,
435 1569 534 1628 addito
546 1569 662 1629 turbatis
675 1587 753 1643 rnen7

74 1645 148 1705 tibus
167 1649 291 1708 clamore
308 1665 392 1727 atque
412 1650 541 1728 impetu,
556 1647 675 1705 invadit.
698 1644 754 1704 Re·

77 1723 162 1787 oriere
181 1727 276 1809 primo
292 1727 398 1807 pedem
415 1725 530 1787 hostes:
546 1726 651 1791 deinde
664 1744 754 1806 quurn

77 1804 184 1867 animos
206 1806 380 1888 collegillent
400 1852 410 1880 ‚
434 1810 466 1869 &
491 1806 618 1888 undique
642 1805 754 1878 duces,

78 1886 192 1946 vitiisne
216 1884 314 1946 cessuri
332 1885 441 1963 effent,
458 1890 658 1969 increparent,
676 1878 771 1965 testiq'

80 1968 162 2026 ruitur
193 1989 212 2027 u
230 1989 275 2027 na.

121 1990 195 2107 Lxl.
212 1988 322 2107 {onsul
344 2067 381 2105 ex
397 2046 484 2107 altera
504 2064 583 2128 parte
605 2034 755 2107 Romanoe

86 2124 226 2202 Meminiffe
241 2126 378 2207 jubebat,
396 2128 446 2187 illo
469 2131 514 2187 die
527 2127 643 2207 primdrrt
662 2127 756 2188 liberor

83 2227 129 2286 pro
139 2210 217 2268 libera
228 2208 289 2268 urbe
295 2210 423 2269 Romana
430 2228 558 2287 pugnare.
571 2208 684 2265 Sibimet
695 2206 757 2285 ipfir

86 2289 212 2358 vitiatos,
230 2310 286 2349 non
307 2306 338 2346 ut
351 2289 553 2347 decemvirorum
569 2288 677 2344 viliores
690 2306 757 2365 pror»

90 2369 166 2428 titium
177 2365 261 2443 stent.
280 2369 348 2427 Non
367 2370 461 2448 Appio
475 2370 541 2427 duce
562 2388 612 2426 rem
629 2368 699 2447 geri,
707 2364 759 2442 sed

89 2440 188 2524 consule
203 2450 333 2519 Valerio,
351 2472 371 2507 a
387 2449 569 2508 liberatoribus
590 2447 685 2528 populi
701 2450 758 2506 Ro-

93 2529 162 2587 mani
176 2546 248 2603 orto,
262 2529 398 2587 liberatore
411 2527 477 2609 ipso
489 2531 656 2610 Ostendererit
662 2530 759 2608 priori·

94 2605 140 2663 bus
152 2609 248 2686 preliis
259 2629 309 2688 per
325 2610 404 2668 duces
412 2654 424 2680 ‚
441 2632 496 2669 nort
533 2633 560 2669 er
574 2610 691 2678 milites,
704 2610 759 2686 βε,

96 2684 147 2762 tiffe
167 2710 197 2747 ne
214 2690 354 2762 vincerent.
383 2692 467 2769 Turpe
488 2632 555 2766 effi,
576 2706 666 2748 contra
687 2690 759 2748 cives

94 2764 151 2843 plus
164 2770 243 2828 animi
255 2766 394 2846 habuisse,
410 2770 490 2848 qutim
507 2786 600 2834 contra
613 2769 718 2848 ltosles;
731 2767 759 2824 to

97 2845 180 2921 «lomi,
189 2845 339 2932 qubmfort's
347 2892 358 2923 ,
367 2846 625 2988 servituttmqugis
638 2843 760 2924 rimuiffe'.

569 2948 600 2991 iv
655 2973 657 2979 -
