1984 3600
214 208 237 277 6
402 205 440 272 Τ.
494 206 522 272 L
546 205 570 271 Ι
592 207 630 270 V
645 205 669 271 Ι
688 207 712 274 I

214 319 402 402 petatur,'&
420 319 483 399 quae
508 319 544 378 ab
566 322 674 402 exiguis
695 315 824 400 profe&
837 321 909 389 ,ini-

214 402 284 472 tiis,
308 399 350 458 ei)
363 401 506 472 creverit,
521 416 556 458 ut
569 397 628 480 jam
643 399 837 481 magnitudine
858 402 909 460 la·
980 437 984 469 1

216 479 301 539 bonet
319 476 371 539 sun
387 501 403 553 ¹,
419 480 451 541 ἃ
469 478 628 561 legentium
645 477 806 562 plerisque,
820 480 908 541 haud
982 520 984 529 ‚

216 559 340 633 dubito,
351 562 419 641 quin
437 560 536 642 ptime
551 561 692 642 (isignes,
709 560 908 642 proximaque
982 616 983 621 ,

217 639 910 802 sstsntinnensnn

219 801 288 860 dem
306 800 484 881 praevalentis
501 801 600 881 populi
619 803 695 859 vires
707 798 735 859 se
753 798 820 882 ipsae
832 823 909 861 con-

219 878 327 941 ficiunt.
337 879 404 961 Ego·
411 879 509 940 contri
521 880 577 940 hoc
587 901 702 961 quoque
714 880 819 939 laboris
829 902 909 960 prae-

220 962 310 1020 mium
329 975 447 1040 petam,
467 961 508 1018 uti
524 979 572 1018 me
597 981 614 1017 a
635 958 787 1040 conspe&
808 961 910 1021 malo-

220 1060 304 1112 rum,
322 1059 386 1120 quae
398 1037 493 1098 nostra
505 1054 549 1098 tot
561 1059 612 1119 per
629 1061 717 1098 annos
727 1039 801 1098 vidit
812 1057 884 1100 aetas
898 1086 910 1115 ‚

148 1158 151 1162 »
220 1116 354 1198 tntisper
369 1119 548 1192 certendmn
563 1118 652 1202 prisca
666 1120 714 1178 illa
727 1120 789 1179 toti
804 1138 909 1182 mente

221 1214 322 1278 repeto
334 1215 481 1271 ‚avertam
492 1243 502 1273 ‚
515 1201 608 1259 omnis
618 1220 720 1280 expers
732 1218 806 1258 curae
816 1243 826 1273 ‚
838 1223 909 1282 quae

221 1275 366 1338 scribentis
377 1280 523 1352 animum,
542 1278 594 1339 ets}
610 1301 669 1337 non
689 1278 803 1338 {lettere
820 1301 836 1337 a
851 1302 912 1340 ve-

221 1379 277 1431 rn,
295 1356 447 1419 sollicitum
464 1375 560 1418 tamen
582 1356 695 1418 efficere
712 1356 805 1440 poflit.
826 1357 910 1438 Quae

223 1454 288 1501 ante
306 1438 450 1498 conditam
463 1438 683 1498 condendamve
693 1438 815 1513 urbem,
832 1445 912 1520 poi}-

223 1520 286 1578 ticis
306 1521 396 1600 magis
421 1518 527 1581 decora
553 1517 677 1591 fabulis,
700 1519 786 1601 quim
810 1521 913 1580 incor-

103 1604 107 1615 '
224 1615 314 1682 mptis
334 1620 429 1660 retum
455 1597 599 1682 gestarum·
621 1601 834 1674 monumentis,
854 1618 914 1660 tra-

227 1679 350 1754 duntur,
367 1701 401 1741 ea
418 1699 473 1741 nec
492 1676 652 1753 affirmare,
667 1700 721 1739 nec
732 1678 864 1741 refellere
880 1684 916 1742 in

181 1803 184 1811 .
227 1762 323 1820 animo
346 1758 396 1822 est.
416 1758 511 1820 Datur
530 1759 591 1819 haec
615 1762 701 1819 venia
727 1762 914 1842 antiquitati,

227 1857 280 1912 ut,
298 1838 444 1899 miscendo
462 1838 584 1900 humana
601 1839 730 1914 divinis,
775 1842 915 1904 rimordia

159 1930 163 1938 '
228 1918 343 1979 urbium
363 1916 524 2000 augustiore
540 1918 643 1978 faciat:
664 1922 719 1993 &‚
740 1863 774 1982 ff
786 1923 834 1981 cui
854 1944 916 2002 po-

249 1999 299 2058 ulo
330 1998 415 2060 licere
444 2014 561 2079 oportet
588 1998 752 2074 consecrare
784 2003 857 2060 ori'
900 2024 915 2062 s

172 2097 178 2102 “
228 2021 314 2152 inas,
330 2077 409 2148 &ad
427 2078 499 2140 deos
513 2077 618 2138 referre
632 2078 760 2140 auetores
772 2021 916 2152 neam

230 2159 322 2240 gloria
336 2154 378 2218 est
409 2158 499 2239 epulo
514 2157 669 2233 Romano,
683 2176 715 2218 ut
767 2180 817 2222 um
831 2159 915 2222 suum

231 2180 442 2320 conditoriigue
474 2236 516 2298 sui
541 2257 689 2320 parentem
746 2256 837 2299 artem
861 2263 918 2322 po-
982 2279 983 2290 κ

231 2315 371 2384 tiffiminn⁴
380 2316 472 2391 ferat,
486 2335 546 2380 tam
561 2320 594 2381 &
604 2318 660 2380 hnc
672 2336 771 2400 gentes
782 2320 919 2383 humana

232 2400 373 2482 patiantur
391 2418 475 2479 aequo
505 2399 626 2470 animo,
650 2399 736 2480 quim
761 2400 917 2482 imperium

233 2478 385 2563 patiuntur.
405 2474 463 2538 Sed
481 2476 542 2537 haec
560 2479 593 2540 &
606 2478 650 2536 his
670 2476 786 2553 similia,
801 2497 919 2542 utcum-

234 2578 292 2638 que
303 2554 497 2622 animadversa
505 2573 552 2622 aut
562 2555 717 2621 existimata
728 2576 810 2622 emnt
819 2605 830 2634 ,
839 2561 920 2623 haud

236 2639 266 2700 in
284 2658 331 2699 ma
350 2657 388 2697 no
405 2637 540 2720 equidem
558 2660 665 2719 ponam
682 2638 852 2703 discrimine.
866 2640 920 2707 Ad

194 2719 198 2725 ’
237 2716 286 2778 illa
296 2657 367 2780 miii
378 2738 431 2800 pro
440 2715 469 2779 se
482 2717 599 2800 quisque
609 2721 708 2779 acriter
718 2720 846 2781 intendat
856 2726 921 2781 ani-

238 2818 343 2873 mum,
364 2818 428 2883 quae
444 2800 526 2874 vita,
546 2801 596 2883 qui
615 2819 710 2863 mores
722 2797 828 2865 fuerint
839 2823 925 2888 sper
963 2839 965 2842 ·
