1984 3600
235 261 282 335 30
399 239 467 309 ‘T.
517 244 722 312 L1V11

234 352 458 417 rationi'ulrimae
474 350 621 417 instruebis
638 349 820 442 intentusque
830 354 934 420 Tibess

233 440 289 497 rim
299 437 395 497 transit
407 459 414 497 ε
429 457 516 519 quem
527 436 678 520 postquam
688 436 776 498 castra
788 439 931 519 ponere,
985 455 986 480 ³

233 518 311 580 &ad
320 515 603 578 urbem'aeceffunim
612 518 751 578 Veientes
760 519 932 595 audivere,
985 489 986 582 l

233 599 353 661 obviarn
371 596 544 682 egreffi'‚.er¹
566 601 663 738 potios
677 600 747 658 ‘acie
779 599 932 661 decerne·
985 617 986 652 l

135 686 148 709 ⁴
233 696 318 754 rent,
337 679 423 761 quim
443 677 545 738 inelullss
587 678 700 739 eteelis
719 679 930 775 moenibusque

235 759 411 820 dimicarent.
429 758 473 820 lbi
493 758 601 819 viribus
619 759 696 819 nulli
711 776 770 837 arte
792 759 926 841 adjutis,
985 805 986 848 p

235 844 344 900 tantem
357 840 485 900 veterani
500 840 606 900 robore
622 839 779 915 exercitos,
793 860 845 900 rex
862 839 930 918 Ro·
985 851 986 930 l

235 939 336 980 manus
352 921 442 993 vicit3
456 917 674 1057 persecutusque
691 917 769 979 fusos
792 920 832 979 ad·
846 941 930 981 moe-
985 933 986 944 ¹

236 1002 282 1058 nia
296 997 410 1073 hostes,
427 1019 459 1057 ur
480 1019 496 1058 e
514 999 609 1059 valide
627 1001 732 1073 muris,
746 1021 778 1059 ac
790 998 844 1059 situ
856 1001 926 1083 ipso

236 1080 345 1139 muniti
362 1077 493 1138 abstinuit
503 1102 512 1153 ;
523 1095 605 1161 agros
623 1080 735 1139 rediens
752 1078 861 1155 vastat,
879 1082 929 1141 ul-

235 1157 358 1219 ciscendi
368 1161 457 1241 magis
476 1160 563 1240 quim
579 1160 683 1241 praedae
700 1157 803 1220 studio.
820 1160 926 1243 Eique

236 1240 317 1300 clade
345 1240 421 1299 haud
445 1241 538 1299 minbs
555 1240 655 1321 *quim
678 1240 798 1300 adversi
823 1242 927 1323 pugni

235 1317 340 1379 subalbi
356 1318 515 1393 Veientes,
530 1340 632 1401 pacem
650 1323 772 1401 petitum
791 1339 924 1382 oratores

237 1399 363 1463 Romam
373 1403 496 1464 mittunt.
508 1400 579 1483 Agri
589 1416 668 1481 parte
679 1402 802 1462 multatis
814 1403 844 1459 in
855 1423 925 1461 cen-

237 1497 300 1540 tum
317 1479 406 1541 annos
426 1481 546 1540 induciae
564 1481 644 1540 datae.
658 1480 730 1539 Haec
750 1479 841 1541 ferme
857 1480 925 1543 Ro-

237 1561 320 1622 mulo
347 1578 481 1645 regnante
513 1555 593 1620 domi
616 1560 780 1641 miliriaeque
808 1560 886 1644 gesta
912 1584 922 1636 3

238 1661 363 1724 quomm
380 1641 450 1701 nihil
468 1640 605 1718 absonum
621 1640 690 1700 fidei
711 1641 815 1699 divinae
836 1645 923 1724 origi-

238 1725 307 1800 nis,
330 1720 537 1805 divinitatisque
564 1720 628 1804 post
654 1738 778 1781 mortem
792 1723 922 1783 ·creditae

239 1803 293 1865 fuit
313 1826 323 1877 ;
341 1825 402 1866 non
423 1805 532 1863 animus
549 1804 578 1860 in
594 1823 684 1884 regno
702 1805 779 1864 avito
798 1823 924 1886 recupe-

239 1883 350 1956 rando,
371 1904 431 1942 non
455 1882 614 1942 condendae
643 1883 718 1941 urbis
742 1881 890 1943 confilium
911 1927 922 1957 ‚

240 1985 300 2045 non
312 1962 391 2022 bello
411 1984 442 2022 ac
459 1981 529 2043 pace
547 1961 712 2024 firmandae:
729 1963 764 2023 ab
778 1963 830 2022 illo
843 1966 923 2024 enim

240 2042 369 2126 profellu
386 2043 494 2104 viribus
514 2043 584 2102 daris
598 2059 706 2103 rantum
724 2043 813 2103 valuit
824 2089 834 2118 ‚
845 2061 879 2104 ut
892 2047 922 2104 in

241 2124 347 2205 quadra
365 2125 423 2182 inra
432 2123 537 2183 deinde
551 2144 640 2182 annos
653 2140 741 2181 tutam
754 2144 857 2203 pacem
872 2125 923 2183 ha-

173 2242 176 2249 ⁴
240 2204 330 2265 beret.
386 2204 528 2264 ultitudini
540 2220 635 2262 tamen
653 2205 757 2284 gratior
767 2202 820 2262 fuit
834 2204 922 2285 qubm

134 2773 230 2824 &0715-

159 2823 215 2861 Mors

136 2869 223 2915 Roenuli.

240 2284 367 2345 Patribus
377 2331 386 2359 ,
398 2285 483 2366 longe
496 2301 559 2345 ante
571 2284 640 2342 alios
651 2281 855 2363 acceptiffimus
866 2286 924 2343 mi-

241 2367 323 2425 litum
352 2367 450 2428 animis
474 2385 484 2438 ;
505 2361 701 2443 trecentosque
731 2380 854 2423 armatos
886 2363 923 2423 ad

241 2444 400 2508 custodiam
418 2445 566 2524 corporis,
590 2458 662 2523 quos
685 2440 803 2503 Celeres
825 2443 923 2525 appel·

242 2527 332 2600 lavit,
349 2546 408 2584 non
427 2526 457 2587 in
481 2521 560 2585 bello
578 2521 689 2599 solim,
711 2521 761 2584 led
786 2526 873 2584 etiam
892 2525 922 2584 in

242 2626 313 2690 pace
328 2605 435 2666 habuit.

282 2686 363 2747 XVI.
386 2687 440 2746 His
459 2683 625 2747 mortalibus
653 2684 736 2744 editis
761 2684 922 2766 operibus,

243 2788 332 2850 quum
355 2768 391 2835 ad
413 2770 569 2828 exercitum
578 2764 783 2826 recensendum
802 2766 922 2825 concio-
985 2768 986 2773 ’

242 2869 310 2913 nem
330 2850 360 2911 in
377 2868 479 2933 campo
501 2848 537 2912 ad
559 2844 661 2931 Caprae
682 2844 817 2931 paludem
834 2844 923 2909 habe·
