1984 3600
244 243 609 345 numam.
692 242 769 317 xxix

79 357 151 445 bio,
170 363 317 458 Sallustiu,
333 363 459 446 Tacito,
477 361 590 434 Curtio.
603 360 766 451 Dionyfiunt

83 458 314 533 Halicarnaffemn
340 459 468 544 omino,
498 460 573 557 apud
597 485 682 556 quern
707 484 766 529 non

81 553 221 629 immeritd
243 556 354 630 fostnffe
376 555 546 655 reprehendi
567 557 664 654 pnffiut
685 553 765 627 nimis

81 655 234 748 protrnbiae
257 654 285 725 in
308 655 425 752 longum
448 652 618 738 orationes,
644 679 709 750 quae
732 651 766 726 bt

82 746 194 847 fatigant
223 751 388 834 lederent,
411 749 443 823 bt
469 749 602 849 ingratam
627 749 767 822 interdurn

83 846 232 918 narrationi
251 873 361 919 moram
379 844 508 940 injiciunt.
520 848 575 919 Sed
586 870 768 929 ceterorum,

89 966 161 1035 quos
177 943 267 1016 mndd
290 940 452 1027 nominavi,
470 944 569 1015 eadem
588 970 653 1040 qute
674 939 768 1026 Livii,

91 1037 164 1109 causa
182 1041 229 1113 est.
253 1041 339 1137 Apud
358 1064 458 1111 omnes
478 1038 509 1111 bt
529 1039 637 1112 crebrae
660 1036 769 1110 oratio·

86 1159 134 1206 nes
152 1135 354 1233 repedantur,
372 1135 426 1219 bt,
444 1134 465 1206 fi
483 1138 598 1234 quando
616 1164 688 1234 opus
706 1134 768 1207 fue·

87 1229 145 1312 rit,
162 1231 368 1332 longiusculae,
386 1231 418 1305 bt
438 1231 566 1305 omnibus
585 1231 696 1305 dicendi
713 1230 771 1304 vit·

89 1325 213 1414 tutibus,
231 1329 307 1401 'omni
321 1330 396 1401 cultis
408 1328 564 1428 expolitae,
579 1328 600 1400 fi
613 1353 706 1400 tamen
717 1334 769 1400 to·

90 1423 212 1519 lybianas
230 1424 373 1523 excipias,
396 1452 461 1523 quae
474 1424 577 1498 'tindbae
597 1424 674 1497 sensu
691 1450 770 1496 cont·

94 1518 349 1614 ptintcm'ntttat'um
363 1549 380 1593 n
419 1523 525 1594 texere.
539 1521 677 1593 Omnibus
688 1518 771 1618 igitur

98 1636 144 1684 aut
156 1615 214 1687 laus
225 1617 362 1690 tribuenda
374 1549 430 1701 eii,
447 1643 494 1689 aut
506 1616 589 1689 venia
600 1617 771 1713 deneganda.

94 1713 202 1785 Durum
212 1712 274 1786 sure
286 1713 313 1787 in
323 1739 368 1787 tot
382 1738 438 1787 tam
450 1713 566 1786 illustres
580 1739 646 1784 reos
659 1737 772 1811 gravent

92 1808 165 1883 ferte
181 1810 362 1893 sententiam
380 1812 411 1886 bt
427 1812 568 1978 innupta
584 1808 629 1882 illa
641 1838 772 1893 nomtna,

91 1932 155 2003 quae
175 1906 265 1980 omnis
285 1935 338 2006 per
355 1929 399 1981 tot
416 1930 494 1980 tetro
525 1908 604 1981 ecula
620 1907 716 1979 mirata
734 1909 772 1979 est

88 2004 322 2113 vetustas‚'quae
347 2005 395 2102 qui
417 2031 534 2103 carpere
556 2003 646 2089 aufit,
669 2003 772 2076 facilius
794 2037 799 2046 ·

87 2098 135 2176 fibi
160 2104 246 2199 qubus
268 2100 322 2173 ullis
345 2127 472 2185 nocent,
496 2099 773 2200 censoriunstyluns

87 2223 219 2270 exerere.

137 2298 176 2366 Et
196 2292 309 2390 quidem
322 2292 364 2378 ,fi
381 2321 426 2367 res
442 2292 499 2393 ipsu
513 2292 689 2403 inspiciatur,
707 2291 775 2389 quid

87 2391 204 2462 randern
226 2389 372 2487 deliquere
395 2389 491 2463 summi
511 2391 684 2489 scriptores,
708 2391 774 2461 durn

88 2509 200 2597 praeter
219 2513 280 2559 eant
300 2484 365 2583 quae
386 2486 560 2574 debebatur,
578 2487 775 2559 narrandarum

89 2583 239 2679 jucunde,
262 2581 408 2680 gravius,
431 2582 573 2668 dutinus,
598 2582 775 2675 dilucideque

91 2705 189 2753 terum
210 2680 407 2774 voluptatem,
431 2680 512 2753 etiarn
531 2682 644 2753 alteram
666 2676 779 2766 indebi-

91 2795 150 2851 tam
165 2773 250 2852 nobis
268 2801 305 2849 ex
316 2773 524 2852 luculenriffinis
543 2772 715 2850 orationibus
732 2798 779 2867 pa·

562 2893 581 2965 u
607 2887 636 2982 tj
