1984 3600
231 216 276 297 ῃ
423 154 460 267 Ὦ
509 196 719 267 larii

220 315 440 386 ⁴ciw'tatemdure
452 313 529 395 plebi
541 336 555 387 ;
567 316 693 394 primores
711 315 741 373 in
757 311 859 374 Patres
875 313 922 377 le·

225 416 312 478 ἕσις
334 416 415 456 unam
433 395 540 464 urbem,
559 416 641 454 unam
661 394 850 474 rempublicam
861 394 920 473 fa·

221 497 290 544 ecre.
316 475 358 535 Ut
373 498 407 535 ex
425 496 479 535 uno
497 477 632 554 quondam
651 477 681 533 in
698 476 778 566 duos·
788 476 919 555 populos

228 553 319 634 dimisti
335 556 451 617 Albana
471 577 511 614 res
538 557 592 635 est,
612 554 653 633 fic
677 575 748 613 nunc
767 576 798 613 in
824 577 918 616 mum

229 640 326 697 redeat.
346 635 397 696 Ad
411 636 474 695 haec
489 632 602 695 Albana
615 633 706 715 pubes
724 634 864 709 inermis,
877 635 918 696 ab

228 718 341 777 armatis
354 715 450 797 septa,
460 716 490 774 in
505 716 590 775 variis
601 713 812 786 voluntatibus,
822 735 917 776 com-

177 837 179 842 *
228 798 307 858 muni
326 812 421 856 tamen
441 810 519 854 metu
538 810 682 876 cogente,
703 792 846 854 silentium
867 812 917 857 te·

228 893 286 937 net.
307 872 386 940 Tum
402 873 506 936 Tullus
524 897 531 935 :
549 876 633 935 Metti
651 878 694 935 Fu
714 877 773 947 eti,
792 875 889 956 inquit
899 881 916 950 ,'

221 959 251 1037 Ji
259 954 313 1038 ipse
331 953 425 1034 discere
433 976 473 1036 po
496 977 524 1013 es
534 956 618 1033 fidem
633 977 668 1013 ac
690 953 914 1032 adertiso-vare,
985 977 986 996 ¹

228 1039 294 1097 vivo
313 1037 364 1096 tibi
383 1058 416 1096 ea
435 1036 577 1117 diciplina
593 1058 613 1096 a
633 1057 675 1094 me
690 1036 814 1095 adhibita
835 1035 911 1115 effct.

226 1118 331 1188 Nunc,
351 1118 477 1196 quoniam
503 1134 578 1175 tuum
599 1113 749 1193 insanabile
773 1118 913 1197 ingenium

227 1198 281 1278 esi,
300 1214 332 1256 at
347 1215 377 1256 tu
397 1215 443 1257 tito
456 1194 592 1276 stupplicio
615 1199 679 1256 doce
698 1198 843 1257 humanum
862 1219 912 1280 ge·

226 1299 279 1339 nus
293 1298 326 1336 ea
333 1275 428 1356 lanua
444 1280 558 1347 credere,
572 1298 629 1356 quae
645 1298 665 1334 a
682 1294 707 1336 te
718 1276 909 1352 violatafimt.

229 1359 272 1417 Ut
289 1359 371 1439 igitur
386 1358 473 1439 pauli)
492 1359 554 1417 anti
570 1360 688 1416 animum
704 1358 773 1417 inter
786 1359 910 1419 Fidena-

226 1456 279 1498 tem
294 1440 497 1517 Romanamque
510 1459 562 1497 rem
580 1438 721 1516 ancipitem
736 1438 827 1519 geffisti
834 1481 847 1509 ,
865 1442 910 1499 ita

220 1515 284 1598 jam
297 1540 390 1599 comus
401 1518 494 1601 paffim
511 1518 702 1599 dt'slrahmdum
717 1518 805 1577 dabis.
819 1516 911 1578 Exin-

227 1598 287 1674 de,
303 1598 409 1659 duabus
428 1598 549 1658 admotis
571 1596 731 1678 quadrigis,
753 1599 784 1660 in
806 1618 908 1661 currus

226 1700 326 1740 earum
346 1677 496 1739 distentum
517 1677 603 1759 illigat
621 1675 778 1739 Mettium:
800 1677 908 1742 deinde

225 1761 258 1820 in
278 1757 421 1822 diversum
439 1761 492 1819 iter
513 1760 580 1840 equi
598 1758 755 1833 concitati,
779 1755 907 1823 lacerum

226 1842 257 1900 in
278 1857 398 1934 utroque
419 1859 503 1899 curru
522 1859 649 1920 corpus,
667 1837 723 1922 qul
739 1837 909 1903 inhaeserant

141 1975 143 1979 ,
225 1919 345 1982 vinculis
377 1920 541 1993 membra,
576 1936 729 2001 portantes.
760 1919 907 1983 Avertere

117 2434 215 2535 lull:

142 2533 195 2572 Alta

119 2582 191 2621 airum.

224 2020 326 2060 omnes
347 2021 365 2058 a
381 2016 457 2060 tanta
478 1998 606 2059 foeditate
626 1996 774 2081 spellaculi
791 2001 904 2063 oculos.

224 2079 350 2141 Primum
364 2079 553 2162 ultimumque
563 2079 634 2140 illud
648 2076 816 2161 supplicitun
828 2082 907 2164 apud

224 2159 372 2221 Romanos
391 2161 516 2244 exempli
536 2181 636 2243 parum
652 2162 789 2219 memoris
806 2161 904 2243 legum

224 2241 410 2302 humanarum
427 2240 480 2301 fuit
501 2263 509 2300 τ
529 2242 559 2299 in
585 2241 646 2300 aliis
666 2240 781 2321 gloriati
807 2240 906 2315 licet,

224 2322 439 2461 nul'lzifflttium
456 2323 582 2380 mitiores
600 2318 728 2401 placuisse
743 2342 852 2402 poenas.
884 2370 902 2400 ·.

367 2399 471 2460 ‚Inter
487 2401 549 2459 haec
569 2396 627 2478 jam
645 2396 775 2494 ptaemissi
795 2398 903 2462 Albam

226 2497 304 2541 erant
320 2481 449 2560 equites,
467 2482 516 2559 qui
542 2479 751 2540 multitudinem
770 2480 903 2541 traduce-

225 2577 289 2621 rent
307 2558 440 2620 Romam
460 2559 602 2642 Legiones
622 2559 725 2620 deinde
753 2559 843 2620 dullae
864 2561 902 2622 ad

224 2640 392 2702 diruendam
409 2640 529 2700 urbem:
543 2662 606 2734 quae
624 2641 673 2700 ubi
685 2643 827 2700 intravere
837 2663 902 2722 por·

224 2738 288 2797 tas,
305 2742 364 2783 non
426 2719 503 2781 'dem
518 2718 572 2780 fuit
594 2719 727 2780 tumultus
751 2718 825 2793 ille,
847 2741 901 2787 nee

224 2822 335 2888 pavor,
346 2823 386 2886 qu
413 2802 419 2814 “
446 2818 590 2887 captatum
606 2797 660 2863 effe
679 2799 793 2872 urbium
806 2799 900 2879 solet,
