1984 3600
217 228 472 299 Linou
533 228 573 296 V.
682 248 751 319 4‘21

38 364 76 403 tn
91 342 255 425 plerasque
275 344 491 407 munitionibus
504 367 543 406 ac
564 347 688 406 naturali
698 349 863 426 fito-eei

38 427 278 509 impugnabiles
296 471 311 498 ,
327 424 413 507 fame
422 428 522 507 ficique
543 445 646 508 tempus
669 425 754 508 ipsun
764 426 865 526 35ss

38 508 229 588 incitatque
241 526 428 590 expugnct;
439 509 512 587 ficut
528 510 612 567 Veios
623 529 757 589 expugna·

38 588 84 657 rit,
101 590 161 667 nist
181 590 316 649 auxilio
335 589 456 670 hostibus
471 589 675 669 tribuniplebis
691 586 757 668 fite·
844 613 850 632 ¹

38 668 104 740 int,
118 669 149 727 θ’
168 672 281 729 Roma
299 671 460 731 inuenerint
474 671 598 749 prustdia
616 671 756 744 Veientes,

38 768 90 824 qua
108 752 330 830 nequidquam
352 752 382 809 in
393 751 503 809 Etruria
518 767 648 830 querunt.
659 749 756 831 Aness

38 830 212 908 quidquam,
237 833 332 910 quod
360 831 515 890 Veientibus
542 847 664 910 optatum
684 830 769 910 nqui-

38 911 196 992 contingere
215 911 313 993 poffit
327 954 341 983 ‚
356 911 436 991 quim
458 927 488 969 ut
495 941 499 946 ¹
500 908 681 988 seditionibus
699 912 758 990 pri·

40 988 109 1047 nun
126 993 198 1050 urbs
222 995 392 1062 Romana,
409 994 503 1051 deiude
521 992 595 1051 uelut
612 1013 646 1050 ex
663 1009 759 1050 conta·

44 1070 119 1147 giune
131 1074 229 1154 castra
242 1073 422 1153 impleantur
436 1073 454 1130 ?
471 1073 515 1132 At
526 1113 535 1143 ‚
548 1072 667 1143 hercule,
682 1072 760 1152 apud

46 1151 127 1230 tofles
146 1170 242 1213 tanta
264 1154 403 1233 modestia
419 1154 473 1233 est,
490 1169 522 1211 ut
540 1175 594 1212 nort
611 1154 756 1232 obstdionis

50 1233 127 1290 tedio
135 1277 147 1304 ,
154 1256 217 1294 non
227 1236 357 1313 denique
364 1236 436 1313 regni
448 1235 614 1313 ,quidquam
626 1236 702 1313 opud
710 1254 756 1292 eos

50 1330 183 1373 nouatum
193 1316 237 1393 fit
245 1336 336 1388 3nort
351 1331 449 1394 negata
461 1314 571 1372 auxilia
592 1311 757 1390 obEtruscis
821 1369 831 1380 χ

55 1392 220 1455 irritaverint
233 1398 354 1455 animos
366 1417 375 1453 :
387 1395 510 1452 morietur
523 1395 590 1452 enirn
604 1394 757 1474 extemplo,

60 1474 220 1555 quicumque
233 1478 290 1535 erit
294 1474 442 1554 seditionis
451 1476 542 1531 nudor
547 1495 563 1545 ;
570 1494 618 1532 nec
629 1477 757 1554 cuiquam
831 1531 834 1540 ,

59 1555 137 1613 dicere
157 1578 194 1615 ea
212 1558 319 1615 licebit
328 1599 347 1625 ‚.
359 1576 417 1634 qun
434 1556 510 1634 apud
525 1574 575 1613 uos
591 1555 697 1634 impune
716 1557 759 1613 di·

64 1652 161 1695 cuntur.
180 1639 365 1719 fustuarium
383 1652 511 1704 meretur,
529 1636 662 1716 quifigna
681 1635 757 1693 telin·

65 1716 138 1792 quit,
147 1736 201 1776 aut
211 1718 344 1799 prustdio
361 1717 470 1774 decedit.
489 1716 620 1774 Autiores
627 1716 706 1795 figna
720 1736 758 1773 re-

69 1795 227 1874 linquendi,
247 1801 280 1859 6·
296 1794 430 1875 deserendi
448 1797 553 1877 eafha,
572 1816 627 1855 non
643 1796 692 1855 uni
708 1814 758 1856 aut

68 1878 142 1937 alteri
160 1881 272 1952 militi,
292 1877 344 1957 sed
358 1877 484 1957 universts
502 1877 685 1949 exercitibus,
702 1898 757 1957 pa·

71 1955 121 2016 inm
138 1960 327 2020 inconcione
347 1960 521 2018 audiuntur:
537 1960 607 2016 adeo
625 1957 759 2037 quidquid

75 2039 188 2099 tribunus
209 2042 308 2123 plebei
327 2039 464 2119 loquitur,
481 2039 529 2116 etfi
541 2040 683 2118 prodenda
702 2059 757 2118 pa-

77 2119 128 2177 trie
144 2118 374 2199 diffirlvendaeque
393 2119 542 2199 reipublice
560 2120 618 2196 est,
638 2115 758 2198 offueflis

81 2203 144 2277 aqui
161 2207 258 2263 audire
277 2225 290 2274 ‚·
310 2202 362 2275 Cr,
379 2200 519 2258 dulcedine
534 2199 674 2279 potestatis
700 2195 759 2275 ejus

82 2282 172 2359 capti,
185 2285 313 2363 qualibet
327 2280 380 2359 sub
401 2301 433 2337 ea
447 2276 547 2357 scelera
565 2277 645 2334 latere
655 2278 758 2354 finitio,

84 2359 217 2442 Reliquum
231 2367 268 2446 est
275 2408 287 2435 ‚
299 2379 347 2434 ut,
366 2381 423 2440 qun
440 2359 483 2419 iic
498 2354 697 2437 uociferantur,
713 2379 759 2415 ea·

86 2439 138 2499 deu
147 2445 174 2503 in
185 2447 280 2526 castris
293 2444 321 2503 Gr
335 2445 412 2523 apud
424 2439 524 2500 militet
533 2454 631 2520 agant,
644 2437 759 2497 &exer-

84 2520 148 2583 citus
161 2541 331 2606 corrumpant
337 2566 348 2594 ,
366 2519 525 2601 ducibustque
534 2541 626 2601 parere
639 2541 694 2579 non
702 2541 758 2599 pa·
826 2555 829 2560 -

87 2601 207 2678 liuntur3
228 2607 356 2686 quoniam
372 2627 405 2663 ea
423 2606 525 2662 demum
537 2605 634 2662 Romu
650 2600 758 2658 libertas
835 2667 838 2669 Α

88 2683 138 2760 est,
155 2708 210 2746 non
218 2685 359 2765 senatun,
377 2705 431 2743 non
449 2684 634 2764 magistratus,
650 2700 704 2739 non
721 2680 758 2737 le-

90 2780 145 2840 ges,
159 2790 214 2827 non
233 2788 315 2827 nores
334 2762 463 2843 majorum
473 2805 481 2823 .,
504 2782 558 2820 non
573 2762 694 2839 instituto
701 2779 758 2840 pa*

92 2856 170 2923 run,
186 2871 241 2912 nou
256 2841 427 2929 disciplinam
444 2843 526 2923 uereri
542 2839 655 2917 militie.
693 2890 697 2895 .
754 2888 767 2909 k
834 2872 838 2877 -
