1984 3600
245 210 329 287 'AD
355 212 692 289 LECTOREM.
771 244 821 293 xv

118 330 185 405 fibi
217 352 378 422 caveret,
412 331 608 428 diligentiis
637 333 673 406 ὅ(
703 333 821 429 majori

125 430 209 500 curi
228 429 269 500 ad
291 433 427 501 minima
447 454 590 525 quaeque
606 431 763 520 attendit,
781 433 821 505 ὃ(

126 526 256 620 ingenti
281 523 443 618 eiusmodi
473 525 666 599 mendarum
694 553 822 602 acervo

125 622 264 693 Livium
281 624 443 694 liberavit.
459 625 492 695 Is
506 625 606 694 etiam
620 650 661 695 ex
676 624 820 699 editione

125 717 272 789 Parisrna
302 738 374 789 rum
404 717 499 816 ipsius
531 721 719 808 Crevierii,
748 740 819 795 tum

126 816 344 886 Freinshemii
364 817 585 911 supplementa
602 816 742 891 adscivit.

181 912 229 981 Hi
245 913 315 983 duo
334 913 429 1008 igitur
446 915 531 983 Livii
544 913 690 986 editores
710 916 816 989 ultimi

135 1005 234 1079 duces
248 1010 346 1080 nobis
364 1010 501 1080 fuerunt.
521 1011 639 1083 Nullos
656 1013 744 1082 enirn
762 1039 820 1085 co-

127 1101 220 1176 dices
242 1105 468 1200 inspeximus,
494 1106 608 1177 iterum
635 1111 818 1205 iterumque

128 1203 174 1271 ab
192 1203 262 1272 aliis
278 1199 447 1290 excussos,
462 1202 500 1272 δι
516 1205 664 1298 proximi
679 1206 720 1274 ab
737 1205 818 1277 duo

126 1297 191 1368 bus
218 1299 268 1368 his
292 1297 507 1370 oculatiffimis
527 1299 666 1371 restibus.
690 1299 755 1372 Sed
777 1302 817 1373 ὅ(

85 1474 91 1495 x
128 1394 289 1466 codicum
305 1397 447 1483 horum,
471 1414 508 1466 ut
527 1395 564 1467 dt
581 1418 731 1468 veterum
751 1397 819 1468 edi·

128 1506 241 1561 torum
254 1494 359 1563 varias
371 1492 528 1564 lediiones
543 1494 642 1589 usque
662 1493 700 1565 δι
714 1495 817 1590 usque

134 1589 286 1682 congerit
305 1590 358 1660 illa
380 1588 659 1662 Dmkemborchii
681 1589 816 1680 editio,

109 1728 111 1733 ,
133 1706 210 1777 quae
221 1684 344 1781 insuper
356 1684 586 1781 complediitur
598 1686 737 1778 integras
748 1710 820 1756 orm

130 1781 224 1854 nium
241 1781 345 1854 ferme
365 1786 580 1879 interpretum
602 1799 719 1870 notas,
738 1781 818 1855 doc·

128 1906 582 2072 inu
600 1878 816 2068 um

129 2074 178 2142 mi
200 2073 335 2145 Ioannis
349 2030 488 2151 'Dukeri
512 2072 587 2143 anti
612 2072 748 2143 ineditas
765 2075 816 2145 lu·

129 2170 338 2240 cubrationes
355 2172 390 2240 in
406 2172 536 2242 Livium
553 2197 562 2241 ε
626 2196 653 2239 ae
672 2169 816 2263 denique

129 2264 254 2335 affatim
270 2292 310 2336 ea
324 2268 434 2337 omnia
447 2267 582 2336 submini
644 2283 682 2352 t,
699 2268 814 2359 quibus

130 2363 234 2432 levari
251 2360 347 2457 poffit
365 2366 446 2434 novi
464 2364 557 2433 labor
573 2362 713 2433 editoris.
778 2396 784 2408 π

179 2457 240 2528 His
263 2484 343 2554 ergo
361 2460 439 2530 vitis
459 2477 508 2530 tot
528 2456 738 2530 eruditiffimis
753 2456 815 2531 du·

112 2554 222 2624 'cibus
243 2557 286 2626 ira
306 2557 342 2625 in
361 2554 559 2627 recensendo
581 2555 676 2625 Livio
698 2555 814 2632 versati

128 2651 266 2737 sumus,
299 2664 336 2720 ut
367 2650 592 2747 cujuscumque
626 2652 815 2720 mutationis

129 2765 185 2819 aut
202 2745 439 2821 emendationis
462 2749 590 2822 causam
609 2743 724 2838 ledon
745 2743 817 2815 atus
