1984 3600
231 231 299 306 228
423 232 726 306 nutrit

118 351 259 411 διε-,δ’
278 349 398 430 seruitiis
421 373 503 433 graue
519 350 617 434 jugum
634 355 755 413 demeret.
775 350 812 412 Id
826 350 895 410 ualle

118 425 218 529 ῌὲζζέ·
226 433 332 512 populo
342 435 467 492 Romano
482 437 584 492 austere
593 434 666 512 fieri.
683 437 718 493 Si
734 435 774 493 ibi
783 431 839 514 spes
848 453 893 490 nou
966 485 967 491 ,

224 515 263 592 fit
274 558 284 587 ‚
291 510 323 590 se
339 506 468 589 Volscos,
484 513 513 572 ὅ·
523 515 635 593 AEquos
646 559 658 585 ,
673 514 703 574 (a
720 516 812 574 omnia
825 530 899 572 exnt-

231 616 277 653 ma
293 611 452 652 tentaturum
468 594 496 653 6³
515 597 717 654 concitaturum.

272 672 354 733 XVI.
364 671 501 734 Dilucere
514 695 560 733 res
576 676 669 756 magis
685 673 812 734 Panibus
824 688 900 753 atque

231 752 392 814 consulibus
411 776 418 814 ε
436 770 539 835 praeter
551 774 585 814 ea
598 771 714 828 tamen,
726 775 790 836 quae
802 754 899 814 denun-

231 834 391 907 tiabantur,
407 855 444 894 ne
459 834 650 910 Veientium,
664 855 723 894 neu
741 833 900 894 Sabinorum

232 915 265 974 id
281 913 428 975 consilium
444 912 529 989 effet,
541 917 643 974 timere
655 936 665 989 ;
684 917 717 977 δι
729 959 739 988 ,
750 910 898 997 quumtau·

232 1012 295 1054 tum
311 996 340 1053 in
363 994 433 1054 urbe
453 993 577 1055 hostium
598 994 688 1070 effet,
710 1017 782 1055 mox
800 993 897 1054 Sabine

231 1072 412 1157 Etmscaeque
419 1075 546 1158 legiones
556 1096 592 1134 ex
602 1074 765 1157 composito
773 1073 900 1146 adessent3

232 1170 295 1214 tum
310 1158 408 1213 aeterni
426 1153 521 1215 hostes
530 1152 631 1215 Volsci
642 1156 723 1218 &AE
743 1158 793 1230 ui,
805 1153 897 1215 nonni

231 1234 432 1316 populandos,
448 1253 480 1296 ut
491 1237 556 1295 ante
565 1281 574 1310 ‚
584 1234 656 1295 fines
667 1282 677 1310 ,
688 1177 743 1296 se}
749 1237 788 1312 ad
795 1236 892 1308 urbem,

231 1331 266 1374 ut
277 1332 402 1396 exparte
419 1333 548 1398 captam,
561 1319 702 1376 venirent.
715 1316 802 1376 Multi
820 1319 899 1378 &ve

229 1396 268 1456 sii
286 1396 426 1457 timores:
443 1398 516 1456 inter
535 1412 644 1462 ceteros
661 1397 805 1457 eminebat
819 1414 899 1456 tenor

232 1474 342 1538 servilis
353 1521 363 1550 ‚
373 1496 410 1535 ne
431 1476 494 1540 suus
510 1479 612 1558 cuique
625 1478 706 1537 domi
724 1476 811 1538 hostis
821 1475 906 1548 effeta

232 1559 288 1617 cui*
298 1578 350 1616 nec
369 1558 501 1633 credere,
519 1578 598 1632 nec,
617 1579 676 1617 non
691 1558 853 1631 credendo,
866 1576 899 1615 ne

167 1638 173 1649 ’
232 1637 362 1699 infestior
382 1637 483 1712 fieret,
501 1636 590 1698 fidem
610 1638 679 1698 ahto
716 1660 748 1698 re
768 1638 828 1698 satis
848 1652 898 1696 erat

232 1735 336 1779 tutum.
362 1717 479 1801 Vixque
503 1719 658 1779 concordii
693 1717 737 1778 isti
762 1717 901 1780 videbatur

232 1797 313 1882 poffe
327 1822 335 1860 :
349 1803 474 1874 tantum,
489 1797 682 1881 superantibus
698 1800 762 1859 aliis
784 1821 820 1860 ae
832 1819 896 1858 mer·

232 1880 364 1961 gentibus
378 1881 478 1951 malis,
493 1900 583 1960 nemo
593 1880 722 1940 tribunos
738 1880 893 1963 autplebeu

231 1958 372 2018 timebat:
393 1958 571 2019 mansuetum
590 1961 621 2021 id
642 1961 778 2035 malum,
805 1963 834 2023 &
853 1969 899 2040 ptr

230 2038 353 2098 aliorum
361 2041 486 2119 quietem
493 2042 635 2102 malorum
643 2040 756 2123 semper
762 2043 896 2112 exoriens,¹

230 2134 350 2201 tumque
363 2117 417 2179 effe
431 2123 584 2204 peregrino
601 2139 710 2182 terrore
724 2121 844 2204 sopitum
857 2120 898 2180 vi·

230 2200 361 2261 debatur.
377 2199 420 2261 At
435 2201 465 2261 id
503 2202 575 2292 rope
585 2223 674 2263 unum
688 2204 811 2263 maxime
826 2200 899 2260 indi·-

231 2284 306 2342 natis
321 2281 404 2343 rebus
418 2284 448 2342 in
504 2285 545 2343 uit
555 2300 671 2357 ’,ταυτας
686 2285 764 2343 enim
780 2282 895 2343 tribunos

231 2363 313 2423 fur'or
328 2366 438 2438 tenuit,
459 2361 491 2423 ut
510 2384 568 2423 non
586 2363 720 2437 bellum,
735 2362 784 2423 sed
805 2380 897 2425 vanam

231 2444 386 2525 imaginem
405 2444 497 2517 belii,
520 2444 557 2503 ad
581 2443 754 2503 avertendos
778 2435 812 2504 ab
835 2442 897 2524 legi}

231 2543 300 2583 cura
323 2522 414 2603 plebis
432 2527 566 2597 animos,
587 2521 763 2605 Capitolium
783 2517 899 2583 insediffe

144 2620 223 2662 nunu
232 2602 440 2663 contenderent
458 2626 466 2663 t
484 2605 666 2685 patriciorum
685 2603 810 2686 hospites
823 2602 899 2661 clien-

124 2680 218 2768 :525:}„.
233 2680 390 2765 tesque,‚s1
410 2685 517 2765 perlati
533 2684 596 2766 lege
613 2682 712 2743 frustra
725 2683 897 2743 tumultuatos

124 2770 204 2854 2322
235 2761 289 2826 effe
307 2762 335 2824 se
355 2762 637 2845 sentiantsmajore,
658 2764 744 2845 quim
760 2763 896 2830 venerint,

139 2867 185 2910 aa.
234 2844 347 2925 seleutia
360 2845 494 2914 uineis.
510 2842 676 2918 Cuuciiuun
688 2845 760 2911 iude
773 2845 829 2930 legi
839 2858 898 2926 pu:

109 2956 114 2964 x
