1984 3600
110 316 111 319 Ν
213 230 256 329 56
405 232 443 302 Τ.
491 232 702 302 errr

208 346 326 410 Albano
341 365 442 408 monte
458 346 540 409 misse
553 347 568 429 (
577 369 644 410 nam
660 348 692 409 id
699 368 767 488 ἦιιο
850 364 919 409 tra·

208 424 309 509 dimr)
326 426 374 488 seu
387 425 546 510 aruspicum
563 431 684 490 monitu.
735 430 920 489 anrrcerrk‘
980 473 981 504 2

209 508 349 583 solenne,
368 509 609 590 ut,'quandoque
630 509 709 569 idem
727 509 916 591 prodigium
980 515 981 590 l

210 592 402 663 nuntiaretur,
413 587 490 650 feriae
509 610 561 673 per
576 610 685 651 novem
703 589 765 649 dies
777 609 915 671 ageren-
980 595 981 672 l

122 694 125 698 ’
211 687 264 730 rur.
284 669 370 729 Haud
386 671 426 728 ita
443 670 536 731 multo
553 668 618 751 post
634 668 795 764 pestilentia
812 670 914 731 labo·
980 677 981 700 ²

211 766 303 809 ratum
324 748 365 812 est
381 768 390 805 t
406 750 484 809 unde
506 771 594 831 quum
615 752 729 832 pigritia
753 749 912 828 militandi

213 832 354 903 oriretur,
371 829 449 888 nulla
458 847 554 890 tamen
570 831 605 889 ab
618 833 703 889 armis
722 832 802 910 quies
814 830 913 890 daba-

211 927 257 969 tur
267 910 302 969 ab
317 907 455 969 bellicoso
470 930 557 991 rege,
573 908 726 969 salubriora
739 912 826 968 etiam
837 932 911 970 cre-

213 988 299 1049 dente
312 988 421 1049 militiae
432 1034 442 1063 ,
454 988 539 1070 quiam
557 988 637 1049 domi
649 1034 659 1063 ‚
673 987 812 1069 juvenum
834 1013 909 1050 cor-

132 1155 184 1193 ἀἱ
212 1066 908 1231 musteoallilirdllerlliqldedlddlusss

104 1217 193 1291 ὀζιῖἷι.
213 1229 275 1289 mul
287 1248 352 1289 cum
363 1249 485 1312 corpore
503 1228 566 1290 sunt
584 1228 600 1302 s
616 1232 694 1289 irims
713 1229 755 1289 illi
766 1228 905 1307 feroces,

213 1317 264 1384 ut,
276 1312 328 1391 qu'r
335 1311 408 1369 nihil
416 1309 482 1370 antd
494 1327 568 1369 rarus
578 1251 645 1369 ellet
658 1312 752 1369 minits
766 1312 903 1395 regium,

213 1389 303 1470 quim
315 1389 397 1451 sacris
406 1390 511 1451 dedere
523 1392 648 1450 animum
657 1390 793 1471 ,repente
804 1395 906 1451 omni·

215 1464 269 1529 bus
287 1473 396 1553 magnis
413 1469 563 1553 parvisque
580 1468 823 1551 superstitionibus
843 1473 906 1531 ob-

215 1552 320 1612 noxius
338 1552 473 1634 degeret,
489 1551 541 1609 reli
563 1552 569 1564 '
592 1548 677 1609 nibus
692 1571 728 1608 ue
746 1552 832 1610 etiam
850 1574 907 1633 po·

117 1680 119 1684 .
216 1632 317 1771 fiulum
334 1631 476 1720 impleret.
490 1571 591 1689 VuFld
607 1629 665 1706 jam
702 1632 815 1693 omines
830 1652 903 1694 eum

242 1728 318 1773 atum
329 1732 441 1785 rerum,
459 1712 509 1793 qui
527 1649 577 1770 sul»
595 1710 701 1805 Numa·
709 1730 777 1792 rege
787 1710 902 1788 suerat,

215 1794 413 1887 requirentes,
430 1812 516 1851 unam
534 1811 623 1872 opem
635 1812 717 1874 aegns
729 1793 901 1874 corporibus

216 1870 402 1946 relrdlam,sr
426 1892 481 1952 pax
504 1874 589 1932 venia
608 1893 644 1932 ue
669 1872 705 1930 ab
728 1872 782 1932 diis
802 1875 901 1955 impe-

217 1967 288 2012 trata
303 1950 394 2025 eslet,
413 1951 575 2012 credebant.
589 1894 695 2032 lpsum
720 1972 820 2036 regem
840 1971 901 2014 tra-

75 2056 78 2064 *
138 2048 140 2053 ⁴
218 2031 314 2108 dunt,
332 2032 502 2094 volventem
527 2033 746 2092 commentarios
769 2030 900 2110 Numae,

214 2133 306 2193 ¹quum
321 2113 362 2172 ibi
399 2111 510 2175 uaedam
526 2113 637 2172 occulta
654 2111 782 2171 solennia
797 2112 902 2174 sacrifi-

215 2195 263 2253 cia
283 2193 350 2257 lovi
362 2133 454 2253 Elicio
472 2191 544 2252 satta
560 2190 727 2266 invenislet,
747 2214 766 2252 o
788 2211 900 2254 eratum

217 2272 263 2343 liis
282 2273 364 2333 sacris
381 2271 410 2332 se
420 2270 634 2355 aldidille3sed
649 2292 710 2332 non
727 2215 787 2332 rid
796 2275 900 2336 initum

219 2370 268 2418 aut
281 2370 407 2412 curatum
422 2351 452 2410 id
465 2350 573 2411 sacmm
587 2350 641 2411 esse
652 2373 661 2424 3
673 2373 727 2412 nec
737 2351 830 2414 solum
840 2355 903 2415 nul·

217 2432 277 2497 lam
297 2435 324 2492 ei
345 2431 471 2491 oblatam
490 2428 660 2491 Coelestium
681 2431 699 2491 s
715 2435 827 2507 eciem,
849 2432 899 2496 sed

195 2586 196 2589 Ἴ
215 2513 261 2577 iri
275 2512 375 2585 Iovis,
396 2509 537 2573 sollicitati
550 2511 639 2596 pravi
662 2454 825 2594 religione,
843 2513 901 2575 ful·

218 2596 296 2672 mine
309 2591 395 2653 idum
411 2613 477 2652 cum
487 2591 578 2652 domo
594 2591 784 2674 conflagrasse.
796 2592 900 2656 Tullus

218 2672 323 2768 magni
333 2670 424 2756 glorid
441 2672 511 2734 belli
525 2675 655 2759 regnavit
670 2694 760 2735 annos
780 2673 900 2740 duos&

216 2770 254 2820 tri
275 2770 340 2814 tnta.

217 2840 224 2895 2
250 2867 254 2871 ·
359 2831 383 2903 Ι.
398 2833 518 2901 Mortuo
534 2832 645 2911 Tullo,
661 2854 727 2911 res,
741 2849 773 2898 ut
788 2832 905 2903 institu-
