1984 3600
243 260 292 334 ‘28
442 265 913 347 T..r1r11„·

240 374 362 439 ¹Tatium
381 385 467 463 gratia
483 381 598 442 suorum
616 385 648 444 &
667 403 766 465 preces
811 386 857 446 lus
879 408 942 471 po-

245 474 346 521 terant.
362 460 450 544 Igitur
465 464 581 523 illorum
619 486 715 524 oenam
733 468 763 524 in
778 409 808 526 ti
822 472 937 531 vertit:

245 558 313 599 nam
325 541 457 619 Lauinii,
475 487 617 626 q‘uunrad
627 543 743 606 solenne
759 544 938 610 sacrificium

148 672 151 676 ,
247 622 285 679 eb
303 622 444 699 venisset,
463 623 598 685 concursu
619 624 721 700 sado,
748 627 934 691 interficitur.

247 697 319 760 Eam
329 724 391 763 rem
406 708 604 796 minito-agre,
621 705 707 786 quim
718 706 839 788 dignum
851 710 934 785 erat,

245 780 335 842 tulisse
354 784 512 846 Romulum
538 791 652 859 terunt,
670 784 718 846 seu
741 787 780 845 ob
808 788 935 850 infidam

243 858 410 924 societatem
437 868 538 947 regni,
559 864 608 925 seu
636 868 703 945 quia
720 867 797 925 haud
823 868 934 947 injurii

243 941 348 1002 taesum
358 944 501 1005 credebat.
519 943 618 1025 Itaque
628 945 707 1005 bello
718 947 837 1028 quidem
847 949 934 1010 absti-

245 1024 332 1082 nuit:
347 1040 379 1083 ut
394 1038 490 1085 tumen
509 1028 689 1106 expiarentur
703 1027 865 1108 legatorum
884 1033 932 1089 in-

242 1098 344 1181 juriae,
363 1104 492 1199 regisque
512 1106 632 1179 caedes,
655 1105 750 1165 foedus
771 1111 847 1167 inter
867 1109 932 1170 Ro·-

239 1200 321 1242 mam
340 1183 548 1266 Lavrniumque
570 1185 654 1245 urbes
681 1205 854 1247 renovatum
876 1190 929 1252 est

243 1260 364 1323 Etcum
382 1265 426 1325 his
449 1268 567 1347 quidem
592 1264 732 1346 insperata
755 1288 811 1348 pax
836 1289 927 1332 erat:

241 1343 319 1403 aliud
337 1348 428 1405 multb
444 1349 583 1429 propius,
598 1363 683 1426 atque
700 1349 730 1405 in
747 1347 813 1428 ipsis
830 1353 930 1432 prope

156 1427 230 1516 ⁸5}st
239 1428 334 1505 portis
349 1426 458 1486 bellum
479 1444 583 1486 ortum.
602 1425 754 1487 Fidenates
765 1473 775 1502 ‚
787 1431 874 1488 nimis
884 1435 929 1491 vi·

131 1491 320 1567 iiirrisf'cinas
345 1528 437 1589 prope
463 1506 491 1566 se
515 1505 712 1567 convalescere
742 1528 813 1589 opes
840 1513 928 1587 rati,

239 1587 404 1671 ⁴priusquam
422 1604 541 1662 ‚tantum
551 1587 662 1647 roboris
678 1586 768 1663 esset,
805 1608 928 1651 uantum

244 1669 370 1729 futurum
390 1670 561 1751 apparebat,
581 1676 721 1749 occupant
745 1610 857 1729 beiium
881 1671 928 1731 fa·

239 1771 335 1826 cere:
351 1749 501 1831 juventute
522 1750 628 1809 armata
643 1745 779 1824 immissa,
797 1748 927 1814 vastatur

240 1853 261 1890 a
294 1834 301 1846 '
313 1831 392 1912 quod
403 1830 588 1890 interurbem
606 1851 638 1889 ac
652 1829 773 1890 Fidenas
787 1830 837 1891 est.
849 1830 925 1895 Inde

243 1853 401 1970 adnlaevam
415 1908 490 1969 versr
500 1956 510 1985 ‚
522 1912 588 1991 quia
604 1910 706 1970 dextri
714 1908 828 1970 Tiberis
846 1933 926 1973 arce-

241 1991 308 2067 bat,
319 2011 384 2051 cum
395 2011 497 2073 magna
511 2009 554 2050 tre
575 1990 700 2050 idatione
712 1989 864 2073 agrestium
874 2016 927 2074 po·

242 2073 406 2153 pulanture,
429 2013 621 2152 tumultuiipue
641 2091 767 2151 repens,
790 2091 828 2130 ex
848 2077 925 2155 agris

240 2154 273 2211 in
291 2151 392 2213 urbem
411 2152 504 2212 illatus
515 2174 596 2233 ‚pro
611 2153 712 2210 nuntio
728 2149 791 2210 fuit.
803 2150 924 2213 Excitus

241 2232 383 2294 Romulus
394 2230 604 2315 (nequeenim
615 2231 782 2291 dilationem
793 2236 852 2312 pati
861 2250 924 2294 tam

241 2316 369 2374 vicinum
386 2313 494 2373 bellum
519 2310 830 2393 poterat)«exercitum
852 2314 925 2375 edu·
948 2389 950 2392 Ι

242 2396 282 2453 cit
299 2418 309 2469 3
326 2391 413 2453 castra
430 2392 571 2451 abidenis
588 2391 667 2449 mille
682 2390 809 2472 passuum
825 2393 922 2456 locat:

238 2474 283 2535 ibi
299 2472 415 2535 modico
429 2470 560 2553 praesidio
569 2469 685 2545 relido,
696 2470 817 2553 egressus
831 2476 924 2533 omni·

240 2555 295 2615 bns
322 2554 441 2634 copiis,
467 2568 579 2633 partem
598 2551 723 2610 militum
750 2552 822 2611 locis
847 2556 924 2614 circa

243 2634 329 2696 densa
347 2631 437 2695 obsita
454 2633 579 2715 virgulta
593 2630 717 2692 obscuris
733 2630 876 2693 subsidere
891 2637 922 2693 in

201 2775 204 2780 ,
239 2705 350 2779 insidiis
374 2712 449 2795 juffit
472 2735 482 2788 3
510 2734 575 2772 cum
591 2729 676 2794 parte
700 2710 809 2791 majore
834 2732 922 2795 atque

133 2825 136 2832 ’
190 2801 214 2829 '²·
239 2800 322 2857 unrni
343 2797 473 2877 equitatu¹
486 2792 629 2875 profectus
641 2838 651 2866 ,
663 2792 694 2866 id
711 2792 790 2873 quod
810 2813 924 2873 quaere-

131 2871 136 2882 ⁴
235 2876 309 2954 bat,
326 2873 502 2941 tumultuoso
513 2877 546 2939 &
558 2874 661 2940 munci
676 2892 781 2956 genere
795 2893 919 2955 pugnae,
