1984 3600
214 224 532 296 Lrnartl.
672 219 715 326 93⁴

38 335 86 399 sola
102 337 205 401 talenta
224 340 327 416 firiffe,
343 342 431 424 quim
451 342 545 402 Pisoni
559 387 570 414 ,
588 341 636 424 qui
651 367 716 426 qua·

37 416 152 501 draginta
174 419 265 481 millia
287 419 393 503 pondo
419 426 528 505 argenti
550 421 669 504 sepostta
685 429 713 485 in

36 517 89 558 carn
105 523 166 561 rem
178 500 297 577 scribit,
308 501 452 561 summam
464 505 609 584 pecuniae,
623 524 712 587 neque

36 599 65 637 ex
77 584 157 641 unius
175 600 238 642 tum
255 579 340 642 urbis
356 583 454 664 praeda
470 581 655 664 sperandam,
681 589 718 660 ὃς

34 659 145 736 rullius,
165 683 202 721 ne
224 663 337 722 horum
356 662 475 743 quidem
500 662 711 746 magnificentie

33 757 163 819 operum,
180 742 376 802 fundamenta
401 763 459 801 non
476 742 710 824 exsuperaturam.

33 803 150 896 interitus
184 821 352 882 erficlendo
372 822 502 903 templo,
523 822 608 882 fabris
629 825 711 884 undi-

35 915 85 977 quc
104 921 139 960 ex
174 903 261 962 truria
279 903 400 975 accitis,
418 921 476 960 non
492 906 611 984 pecunid
622 903 711 965 solum

35 978 71 1036 ad
82 980 111 1037 id
125 980 234 1061 publici
251 981 295 1042 est
315 980 384 1040 usus
394 1027 403 1055 ‚
414 980 462 1040 sed
473 986 568 1064 operis
577 987 662 1043 etiam
675 1007 710 1045 ex

37 1057 138 1135 plebe:
172 1064 199 1119 ui
210 1084 304 1143 quum
318 1062 396 1121 haud
415 1083 517 1142 parvus
537 1066 569 1124 &
586 1062 647 1146 ipse
662 1068 711 1125 mi-

37 1138 97 1196 litiae
113 1082 260 1203 adderetur
276 1142 364 1202 labor
377 1187 386 1215 ‚
399 1145 490 1202 minus
510 1161 603 1203 tamen
649 1145 710 1206 lcbs

37 1220 217 1298 gravabatur,
238 1222 268 1282 se
289 1223 402 1303 templa
424 1222 510 1282 deum
536 1168 710 1287 exaedilicare

38 1298 158 1359 manibus
173 1300 228 1361 suis
245 1324 255 1376 ;
272 1324 340 1385 quae
358 1301 475 1382 posthac
496 1306 579 1364 &ad
599 1307 668 1378 alia,
680 1326 717 1386 ut

39 1374 126 1456 specie
143 1381 273 1456 minora,
284 1381 325 1441 fic
343 1382 448 1442 laboris
459 1382 602 1464 aliquanti)
621 1384 712 1464 majo-

38 1458 73 1516 ris
85 1503 94 1530 ‚
108 1460 304 1521 traducebatur
322 1482 428 1543 opera,
445 1461 523 1522 foros
539 1467 568 1521 in
586 1467 661 1524 circo
675 1463 729 1533 fa·,
747 1476 793 1536 feri

38 1538 155 1596 ciendos
171 1583 180 1612 ‚
196 1542 376 1623 cloacamque
392 1544 565 1616 maximam,
585 1561 714 1625 recepta·
723 1537 818 1612 332⁰*

40 1615 137 1674 culum
153 1622 279 1679 omnium
293 1639 544 1704 purgamentorum
559 1621 652 1696 urbis,
662 1622 712 1683 sub
724 1625 814 1663 ΜΝ·

41 1713 142 1755 terram
157 1700 291 1840 aqendam
306 1725 316 1777 ;
333 1701 436 1783 quibus
455 1701 567 1761 duobus
580 1703 713 1785 operibus

42 1777 90 1835 vix
98 1797 171 1840 nova
199 1804 240 1842 aec
252 1780 463 1866 magnificentia
472 1783 627 1865 quidquam
640 1784 713 1845 adae·

41 1875 121 1937 quare
133 1864 234 1941 potuit.
246 1863 299 1923 His
318 1863 465 1923 laboribus
474 1867 596 1925 exerciti
609 1865 712 1947 plebe,

41 1939 102 2016 quia
119 1942 150 2000 ὁ(
168 1943 231 2003 urbi
247 1943 485 2017 multitudinem,
508 1945 555 2002 ubi
573 1944 636 2003 usus
653 1967 711 2005 non

42 2015 123 2093 edet,
140 2026 222 2082 oneri
238 2025 353 2083 rebatur
367 2021 448 2097 effe,
466 2026 498 2084 δι
516 2024 626 2084 colonis
648 2028 712 2084 mit-

41 2099 125 2158 tendis
134 2106 267 2183 occupari
280 2106 363 2163 latius
373 2105 414 2162 im
436 2102 565 2162 eriifines
576 2104 711 2179 volebat3

42 2173 158 2258 Signiam
172 2180 359 2264 Circeiosque
377 2125 498 2242 colonos
512 2181 603 2261 misit,
621 2183 712 2264 praest·

43 2255 83 2314 dia
95 2260 156 2319 urbi
173 2261 267 2322 futura
280 2264 356 2323 terrai
372 2266 509 2344 marique.
718 2280 720 2287 ’

78 2336 153 2401 LVI.
168 2341 241 2401 Haec
250 2346 347 2425 agenti
379 2360 523 2403 ostentum
532 2345 658 2404 terribile
670 2349 712 2406 vi·
722 2346 821 2433 ῄζξΐΐζξ

44 2413 97 2475 sum
116 2426 237 2504 :anguis
263 2444 301 2482 ex
324 2365 456 2482 columna
474 2424 567 2506 lignea
584 2425 691 2507 elapsus
702 2473 711 2501 ‚
724 2412 821 2482 ‹cirrin-

44 2514 123 2631 quum
144 2519 285 2562 terrorem
299 2501 451 2584 fugamque
466 2505 495 2561 in
513 2508 619 2586 regiam
633 2505 713 2568 fecis-
723 2494 822 2591 {iffi}

56 2595 69 2633 e

71 2579 190 2660 t,ips1us
200 2585 275 2664 regis
288 2603 347 2641 non
359 2601 418 2642 tam
429 2582 520 2644 subito
557 2606 643 2646 avore
653 2608 714 2667 per·
728 2594 760 2630 m·

47 2657 106 2716 culit
119 2661 238 2740 pedus,
258 2662 345 2743 qubm
369 2665 455 2721 anxiis
472 2608 605 2745 implevit
631 2669 714 2726 curis.

47 2731 135 2818 ltaque
154 2762 245 2822 quum
261 2741 297 2798 ad
343 2743 435 2801 ublica
456 2744 586 2826 prodigia
609 2744 716 2804 Etrusci

48 2819 147 2881 tantum
163 2838 245 2886 vates
261 2763 480 2899 adhiberentur,
496 2825 553 2886 hoc
573 2826 653 2887 velut
669 2825 718 2884 do-
