1984 3600
240 236 286 310 82
369 244 472 314 ·T.
522 244 734 319 L1V11

240 353 349 416 toribus
364 358 455 420 oritur
468 384 478 436 3
493 365 525 424 &
542 361 692 425 concursus
714 361 816 444 populi
836 356 914 423 fiebat

239 437 270 495 in
288 439 414 513 curiam,
428 463 463 522 ap
485 443 636 525 arebatque
654 461 855 527 regnaturum,
869 441 911 523 qui

240 516 359 579 vicisset.
374 518 453 581 Tum
499 528 662 607 arquinius,
680 522 841 584 necestitate
860 521 912 604 jam
961 540 962 543 ’

160 635 164 639 -
241 599 327 657 etiam
348 602 410 682 ipsit
426 622 547 686 cogente
568 606 668 665 ultima
685 605 813 678 audere,
829 602 911 663 multi>
960 618 962 622 '

240 679 275 739 &
293 697 373 740 aetate
388 685 420 744 &
432 685 542 745 viribus
558 685 841 758 validior,medium
859 684 913 742 arri·

237 760 283 838 pit
298 758 450 837 Servium,
465 765 626 847 elatumque
642 768 747 825 ecuria
760 768 790 824 in
808 763 913 823 inferio·

240 859 302 898 rem
315 841 423 922 partem
436 865 487 925 per
503 845 604 927 gradus
621 844 728 927 dejicit.
743 844 815 905 lnde
825 844 861 903 ad
873 866 913 903 co·

241 921 367 1001 gendum
383 922 510 984 senatum
525 928 554 986 in
568 928 672 987 curiam
690 926 773 985 redit.
793 924 840 984 Fit
854 923 912 1007 fuga

241 1002 314 1081 regis
333 1006 552 1083 apparitorum,
576 1024 660 1090 atque
683 1008 833 1066 comitum.
855 1004 911 1086 lpse

129 1083 227 1173 infitrujff
241 1082 333 1161 propi²
343 1082 506 1167 exsanguis,
519 1108 608 1169 quum
617 1086 775 1146 semianimi
787 1107 819 1145 re
839 1088 866 1145 io
872 1107 912 1145 cn

129 1165 168 1223 «a.
240 1162 339 1223 mitatu
354 1164 474 1225 domum
485 1165 513 1226 se
528 1169 783 1248 reciperet,perve
807 1167 814 1181 ⁶
837 1184 911 1248 etque

240 1241 277 1300 ad
294 1241 437 1306 summum
456 1245 600 1329 Cyprium
619 1250 735 1322 vicum,
750 1247 786 1306 ab
800 1249 835 1306 tis
846 1291 855 1321 ,
868 1246 910 1328 qui

240 1321 313 1383 miffi
340 1325 375 1384 ab
402 1324 560 1409 Tarquinio
590 1328 749 1410 fugientem
778 1326 910 1387 consecuti

223 1425 225 1428 ’
240 1422 338 1481 erant,
355 1406 527 1471 interficitur.
547 1406 699 1483 Creditur,
714 1409 781 1490 quia
795 1429 855 1467 non
867 1406 912 1464 ab·

237 1483 337 1554 ,horret
355 1510 372 1547 a
390 1507 485 1549 cetero
504 1489 628 1564 scelere,
647 1489 796 1548 admonitu
816 1486 910 1547 Tullia

235 1565 271 1624 id
290 1566 393 1629 fabium
410 1588 566 1651 :carpento
585 1570 661 1630 certi
682 1568 733 1649 (id
754 1568 835 1651 quod
855 1567 910 1626 satis

240 1647 371 1731 constat)
381 1654 410 1709 in
420 1650 514 1711 forum
529 1650 655 1722 invesia,
665 1670 719 1710 nec
733 1651 854 1710 reverita
863 1670 912 1707 coe·

241 1743 303 1787 tum
318 1733 468 1805 virorum,
481 1733 615 1791 evocavit
631 1732 754 1790 virume
772 1731 859 1804 curia,
875 1748 910 1787 re·

241 1815 363 1898 geritque
379 1814 470 1891 prima
484 1813 660 1893 appellavit:
677 1833 694 1870 a
711 1834 770 1893 quo
790 1808 908 1871 facessere

138 1954 140 1957 .
160 1899 229 1959 Tullia
240 1887 308 1969 Juffa
329 1911 365 1950 ex
383 1907 461 1951 tanto
478 1893 621 1968 tumultu,
645 1913 734 1973 quum
753 1890 781 1952 se
800 1893 908 1952 domum

131 1943 226 1999 ΨΜ
241 1972 401 2064 reeiperet,
416 1971 641 2054 pervenissetque
653 1972 688 2031 ad
701 1971 842 2032 summum
857 1969 911 2051 Cy·

241 2072 335 2132 prtum
358 2074 456 2112 v1cum
471 2099 481 2128 ,
505 2053 553 2114 ubi
574 2052 713 2113 Dianium
732 2075 771 2112 nu
793 2074 824 2113 er
841 2052 910 2123 fuit,

241 2131 365 2193 fleetenti
380 2152 545 2215 carpentum
563 2135 662 2194 dextri
680 2135 710 2192 in
728 2076 852 2194 Oriiium
868 2131 911 2191 tli-

241 2235 332 2289 vum,
348 2232 379 2274 ur
398 2217 428 2275 in
451 2215 557 2276 collem
572 2213 770 2296 Esquiliarium
785 2215 911 2274 evehere·

241 2308 303 2370 tur,
319 2294 418 2355 restitit
431 2295 576 2377 pavidus,
590 2313 673 2375 atque
689 2294 811 2355 inhibuit
822 2293 909 2353 frenos

241 2377 286 2448 is,
306 2378 356 2456 qui
369 2373 497 2454 jumenta
512 2375 634 2456 agebat,
650 2373 793 2455 jacentem
813 2396 847 2435 ue
868 2372 912 2431 do·

241 2456 327 2514 minae
338 2452 469 2514 Servium
478 2455 648 2516 trucidatum
659 2398 910 2515 ostenditioedum

241 2534 483 2619 inhumanumque
498 2536 566 2597 inde
588 2536 705 2597 traditur
724 2534 836 2610 scelus,
855 2553 911 2593 mo·

240 2632 436 2699 numentoque
453 2618 533 2678 lotus
548 2616 590 2678 est
606 2615 803 2699 (Sceleratum
819 2617 910 2675 vicum

240 2695 369 2779 vocant)
388 2720 445 2780 quo
466 2720 563 2758 amens
574 2714 593 2774 ,'
604 2697 771 2780 agitantibus
785 2697 860 2759 furiis
872 2691 911 2751 so·

240 2780 313 2837 roris
330 2800 361 2838 ac
378 2781 449 2854 viri,
460 2778 557 2840 Tullia
572 2799 625 2860 per
642 2781 728 2859 patris
746 2797 847 2858 corpus
861 2792 912 2832 cat·

240 2876 359 2941 pentum
376 2859 459 2943 egisse
475 2860 582 2935 fertur,
598 2874 764 2941 partemque
779 2854 910 2939 sanguinis
