1984 3600
176 167 231 267 xvj
301 171 390 246 'AD
415 161 746 261 LECTOREM.

171 295 375 387 gnaverimus
401 295 434 364 in
462 295 615 365 breuibus⁴
635 297 767 382 notis,
798 316 882 390 quaej

174 391 292 484 cuique
309 385 467 461 volumini
484 387 722 481 subjiciuntur,
743 394 783 461 in
801 395 880 488 qui·

172 484 233 556 bus
254 484 329 556 sane
351 488 505 581 pleraque
527 487 612 556 levia
634 485 737 575 sunt,
766 507 878 583 atque

174 579 353 671 ejusmodi,
371 608 443 677 quae
459 583 582 674 nemini
597 585 760 676 cuiquam
778 609 879 655 erro-

175 699 245 748 rem
265 676 408 771 objicere
425 677 553 773 possint.
572 676 637 750 Sed
654 679 689 747 in
712 681 822 751 bonis
837 682 880 750 li-

175 772 290 859 brisut
304 802 347 845 ne
362 802 427 869 qua
433 777 487 846 vel
501 777 634 845 minima
648 775 878 848 maculainsrt

174 895 310 965 operam
326 871 401 941 dare
413 922 424 957 ,
436 868 574 941 'fortaffe
594 873 667 942 leve
687 871 847 943 nonest.

221 967 338 1038 Tribus
350 968 432 1038 Livii
443 965 629 1062 fragmentis
641 988 802 1060 quartum
816 968 875 1049 ad·

171 1060 343 1158 jungetur,
355 1063 488 1149 recdns,
504 1088 591 1147 anno
608 1062 730 1134 scilicet
747 1090 871 1158 1772,

174 1177 298 1248 erutum
320 1184 360 1230 ex
376 1155 502 1230 vetusto
518 1158 633 1230 codice
649 1161 869 1237 bibliothecae

175 1256 502 1327 Palatino-Vaticana}
519 1281 552 1325 n.
572 1279 627 1345 24.
646 1259 743 1327 Eruit
756 1257 798 1328 δι
814 1285 871 1343 ex:

175 1348 292 1447 scripsit
316 1354 367 1423 vir
393 1351 533 1423 eruditus
561 1353 867 1429 Paulus-Iacobus

173 1448 276 1519 Bruns
286 1446 502 1535 Lubecenfis,
525 1449 580 1542 qui
591 1447 646 1518 sibi
656 1449 769 1520 virum
781 1454 866 1521 item

175 1544 335 1618 eruditum
358 1548 472 1623 Virum
497 1545 636 1615 Mariam
663 1546 865 1634 Giovenaz7

172 1642 261 1713 aium
277 1645 414 1730 Italum,
431 1641 472 1714 ad
489 1667 558 1712 rem
575 1641 865 1731 intricatiffimam,

174 1741 331 1833 multique
342 1739 460 1809 laboris
471 1763 508 1806 ac
521 1736 865 1828 taedii,sociu1n&ad·

173 1835 313 1927 jutorem
327 1833 465 1916 adscivit.
476 1834 624 1926 Uterque
638 1859 727 1905 anno
746 1861 861 1931 1773,

174 1929 264 2001 suum
280 1937 435 2018 ἐπέγμφη
449 1930 569 2023 publici
588 1923 664 2021 juris
685 1931 789 2022 fecit,
814 1935 864 2018 al·

178 2045 226 2097 rer
242 2029 359 2097 Romae
375 2044 437 2093 vu
456 2025 597 2095 Kalend.
618 2027 750 2117 Martii,
775 2030 860 2099 alter

174 2123 354 2217 Hamburgi
374 2118 475 2216 pridie
495 2120 571 2191 Kal.
595 2119 737 2214 ejusdem
762 2150 860 2195 men·

174 2218 224 2289 fis.
253 2215 306 2289 Est
325 2237 432 2290 autem
455 2217 561 2288 codex
579 2218 656 2306 ille,
680 2245 781 2313 quem
802 2246 858 2290 ex·

174 2312 360 2406 cullerunt,
388 2340 428 2384 ex
456 2339 497 2383 eo
526 2313 678 2383 codicum
703 2340 856 2408 genere,

175 2436 257 2506 quos
271 2411 428 2503 rescriptos
439 2428 584 2494 vocant,
604 2409 637 2477 in
653 2412 767 2503 quibus
782 2412 857 2488 scri·

173 2526 266 2604 ptura
288 2503 441 2577 vetustior
463 2505 539 2588 latet
562 2505 619 2592 sub
646 2510 853 2594 recentiori,

176 2604 383 2698 continetque
408 2604 441 2671 in
468 2603 665 2697 membranis
693 2629 733 2674 ex
757 2604 856 2680 variis

174 2699 340 2781 codicibus
368 2698 570 2797 desumptis,
598 2696 634 2773 bt
661 2700 854 2797 plerumque

978 2044 981 2186 l

979 2251 981 2374 l

978 2421 981 2564 l

979 2637 981 2760 l
