1984 3600
228 246 303 299 'roo
417 227 465 296 T.
516 230 725 299 [ινιτ

229 345 317 429 digna
330 343 422 405 Seruii
435 342 527 403 Tullii
543 345 618 426 regis
632 363 789 405 memorata
801 346 907 418 iader,

228 429 263 486 ὅ(
281 424 391 486 ἰῃνεᾶε
407 426 524 505 corpori
534 427 621 505 patris
640 425 765 486 nefando
780 427 905 487 vehiculo

210 505 292 584 ¹{ilia
315 529 325 580 ;
353 506 536 586 invocatique
563 505 672 570 ultores
694 525 840 587 parentum
862 508 915 580 dii,

228 586 285 648 His
297 582 556 666 atrocioribusque,
569 585 656 645 credo
666 631 677 660 ,
686 586 762 661 aliis,
774 608 835 669 quae
844 608 905 669 pra·

227 666 292 728 sens
310 688 406 728 rerum
421 666 480 725 in'di
500 668 570 725 nitas
590 666 809 749 haudquaquam
822 669 902 728 relatu

227 746 410 831 scriptoribus
424 685 517 806 sarisa
530 744 660 825 subjicit,
673 750 853 823 memoratis,
866 750 901 806 in·

227 828 341 889 censam
362 827 574 888 multitudinem
600 828 749 908 perpulit,
768 846 798 889 ut
819 832 902 918 impe-

226 913 302 969 rium
323 911 383 990 regi
402 907 576 1002 abrogaret,
600 905 767 998 exsulesque
791 908 843 969 effe
872 930 901 967 u·

225 989 309 1049 beret
326 988 359 1049 L.
376 987 566 1070 Tarquinium
578 1008 644 1046 cum
658 1009 782 1071 conjuge
800 1012 829 1049 ac
840 933 901 1048 libe·

224 1071 273 1128 ris.
294 1069 357 1151 lpse
376 1067 557 1146 junioribus,
573 1070 622 1149 qui
642 1068 718 1129 ultro
730 1071 845 1129 nomina
854 1070 899 1128 da-

226 1150 316 1222 bant,
336 1148 413 1209 lesbia
435 1146 623 1229 armatisque,
648 1149 685 1207 ad
709 1151 898 1210 concitandum

150 1267 160 1288 κ
222 1230 293 1290 inde
314 1231 449 1292 adversiis
463 1250 493 1288 re
515 1250 561 1288 em
583 1231 762 1304 exercitum,
782 1230 896 1291 Ardeam

223 1313 255 1369 in
272 1309 359 1370 castra
372 1310 413 1371 est
433 1250 575 1391 prosimus
593 1330 604 1381 3
621 1311 776 1391 imperium
791 1314 820 1370 in
835 1310 895 1370 urbe

223 1391 381 1464 Lucretio,
399 1389 533 1473 praestabo
548 1389 625 1448 urbis
640 1388 699 1471 jam
710 1392 775 1450 ante
792 1392 826 1451 ab
838 1410 895 1472 rege

223 1470 377 1547 instituto,
401 1471 542 1550 relinquit.
563 1468 640 1529 Inter
661 1471 737 1530 hunc
757 1471 895 1531 tumultum

222 1551 321 1614 Tullia
332 1554 422 1613 domo
456 1550 582 1632 rofugir,
599 1548 821 1628 exsecrantibus,
835 1572 895 1632 qua·

76 1699 84 1708 ,
223 1655 348 1715 cumque
364 1575 531 1703 incolebat,
542 1630 796 1714 invocantibusque
805 1652 893 1715 paren·

223 1732 287 1774 tum
307 1714 392 1773 furias
408 1716 477 1773 vitis
492 1710 722 1793 mulieribusque.
804 1725 806 1728 '

134 1797 138 1805 “
181 1854 185 1863 ,
265 1794 327 1855 LX.
340 1794 450 1854 Harum
468 1813 564 1853 rerum
580 1794 684 1853 nuntiis
701 1795 731 1853 in
742 1792 828 1855 castra
839 1813 892 1876 per·
910 1838 913 1844 .
966 1804 967 1841 ἱ

221 1875 303 1948 latis,
325 1894 414 1956 quum
432 1894 463 1932 re
482 1873 562 1932 novi
582 1874 710 1954 trepidus
730 1896 782 1935 rex
802 1895 897 2013 perqee

221 1973 266 2015 ret
280 1955 407 2015 Romam
423 1953 460 2013 ad
474 1954 708 2035 comprimendos
723 1974 834 2030 motus,
866 1975 893 2014 e·

222 2038 266 2095 xit
275 2038 353 2097 viam
365 2035 468 2097 Brutus
484 2031 627 2115 (senserat
638 2038 716 2094 enim
726 2032 891 2114 adventurn)

222 2137 260 2177 ne
281 2117 384 2177 obvius
394 2114 666 2196 fieret3eodemque
681 2114 741 2175 fere
756 2130 898 2197 tempore,

221 2196 340 2259 diversis
361 2197 527 2268 itineribus,
543 2195 645 2256 Brutus
663 2194 813 2270 Ardeam,
831 2193 891 2254 Tar·

108 2333 117 2371 ²
132 2282 209 2334 uaepez-
243 2282 335 2339 uinius
342 2277 484 2350 Romam,
496 2291 645 2337 venerunt.
656 2274 815 2358 Tarquinio
825 2276 892 2335 clau·

117 2343 183 2376 ⁸⁸³⁸*
220 2301 258 2419 sa
280 2374 395 2440 portae,
420 2355 603 2492 exsiliumque
627 2356 765 2420 indiElum
782 2380 789 2417 :
806 2356 891 2416 libera·

220 2456 315 2499 rorem
335 2435 411 2494 urbis
433 2436 496 2494 laeta
516 2455 549 2493 ca
573 2456 603 2492 ra
622 2455 779 2518 accepere,
798 2435 890 2498 ermili-

242 2538 278 2577 ue
301 2515 367 2575 inde
388 2514 468 2574 liberi
487 2516 572 2596 regis.
593 2513 665 2577 Duo
687 2535 796 2597 patrem
815 2515 889 2576 secuti

219 2541 302 2669 sunt,
321 2597 369 2679 qui
388 2594 544 2655 exsulatum
553 2663 555 2667 ,
564 2593 646 2656 Caere
657 2595 698 2654 'in
711 2596 839 2658 Etruscos
853 2599 888 2655 ie·

219 2695 294 2740 runt.
314 2676 415 2738 Sextus
425 2675 596 2760 Tarquinius
614 2674 741 2750 Gabios,
754 2695 887 2758 tamquam

219 2763 250 2820 in
269 2758 349 2820 suum
364 2779 503 2840 regnum,
523 2756 665 2839 profeilus
680 2802 689 2829 ,
705 2757 741 2817 ab
760 2757 887 2818 ultoribus
961 2792 962 2829 ;

219 2848 350 2908 veterum
366 2839 536 2904 simultatum
547 2883 558 2915 ,
579 2859 647 2929 quas
661 2836 712 2902 fibi
736 2837 795 2923 ipse
815 2836 888 2902 cadi
961 2846 962 2865 ¹
