1984 3600
247 210 572 312 'Libens
705 259 752 331 79

88 362 143 426 tut,
163 348 272 417 fortuna
288 357 379 417 credo
400 355 504 437 populi
530 351 674 424 Romani,
694 353 753 432 qub
852 383 856 392 «

88 427 229 494 diumrnius
235 434 328 498 Servii
337 457 369 496 re
390 456 460 495 num
468 431 554 505 esl'et,
566 430 753 513 constituique

86 511 193 574 civitatis
214 536 310 577 mores
335 456 457 599 pollent.
477 511 646 596 Augebatur
671 509 753 571 ferox

86 586 171 652 Tullia
187 597 256 657 nihil
272 599 402 657 materiae
421 598 453 655 in
467 596 533 656 viro
547 612 641 674 neque
661 592 697 651 ad
709 613 754 652 cu·
789 609 857 670 rtur.

86 671 237 752 piditatem,‚
253 700 291 738 ne
333 699 351 736 e
370 677 406 737 ad
432 674 576 736 audaciam
594 669 649 732 effe
667 695 674 732 ε
692 689 754 732 tota
765 662 853 699 ‘W‘

86 753 111 810 in
122 754 231 817 alterurn
246 780 283 820 ve
312 755 546 838 aTarquinium‚
560 774 626 815 eum
640 754 753 827 mirari,

87 850 146 891 eum
164 838 253 897 virum
275 839 397 910 dicere,
414 857 446 895 ac
463 838 542 917 regio
561 832 692 915 sanguine
708 854 754 891 or-

88 926 145 971 tum
157 936 164 974 :
178 913 302 997 spernere
319 916 467 988 sororem,
478 914 558 996 qubd
570 914 665 974 virum
674 912 754 972 nasia

91 993 209 1054 muliebri
227 997 343 1058 cessaret
358 996 483 1056 audacia,
505 991 655 1055 Contrahit
680 994 754 1052 cele-

93 1071 151 1131 riter
160 1072 307 1138 similitudo
318 1098 370 1137 eos
379 1121 389 1150 ,
399 1092 431 1137 ut
440 1073 499 1135 ser'e
510 1072 542 1133 fit
555 1074 663 1134 malum
675 1073 753 1133 malo

92 1152 264 1230 aptissimum:
278 1157 329 1218 sed
349 1159 461 1217 initium
477 1153 608 1226 turbandi
626 1155 754 1214 omniaa

92 1230 186 1294 semina
201 1255 293 1298 ornum
307 1235 357 1298 est.
372 1236 415 1298 Ea
428 1235 540 1295 secretis
549 1236 604 1295 viri
617 1234 700 1293 alieni
717 1232 755 1292 as·

94 1310 201 1374 suesada
214 1316 405 1392 sermonibus,
419 1316 503 1376 nullis
513 1314 669 1375 verborum
686 1335 754 1373 con·

95 1395 206 1455 tumeliis
240 1419 351 1471 arcere,
367 1397 483 1458 devito
500 1396 535 1453 ad
555 1393 669 1474 fratretu
688 1439 698 1467 ,
717 1394 753 1453 d'e

98 1470 185 1534 sorore
202 1420 337 1538 advirum
350 1500 359 1551 ;
375 1478 404 1537 δ’
417 1475 449 1554 se
469 1475 559 1535 reflizls
573 1478 708 1543 viduam,
726 1475 754 1533 6·

102 1552 172 1611 illum
192 1558 295 1615 calibem
310 1558 429 1637 finenem
446 1554 530 1635 fuiffe
553 1553 754 1627 contendere,

103 1632 176 1711 quine
191 1655 245 1694 cunt
259 1639 343 1717 inpari
362 1635 455 1718 ungi,
474 1653 506 1694 ut
524 1630 755 1716 elanguescendum

104 1713 186 1772 alind
197 1716 300 1795 ignavis
317 1661 386 1794 efflt.
408 1719 442 1776 Si
446 1716 500 1794 fibi
516 1736 574 1773 eum
579 1758 590 1784 ,
608 1734 660 1792 quo
674 1715 756 1792 digna

102 1791 169 1872 effer,
181 1797 218 1855 dii
228 1797 346 1878 dediffent
360 1802 446 1859 vinem
458 1842 469 1869 ,
484 1796 558 1855 domi
566 1792 597 1873 se
606 1796 756 1875 propediem

102 1873 202 1952 vifieram
214 1898 310 1960 regnum
319 1877 424 1959 fhiffe,
434 1879 508 1957 quod
522 1879 598 1956 apud
602 1893 703 1955 patrem
716 1877 755 1934 νί·

101 1956 166 2015 dean
174 1954 302 2019 Celeriter
318 1957 530 2020 adolescentem
551 1954 755 2016 suaeternerita-

99 2036 238 2116 tisimplet.
252 2038 344 2101 Aruns
359 2037 530 2119 Tarquinius
546 2033 687 2097 &Tullia
703 2036 757 2092 mi-

102 2136 147 2173 nor
160 2118 244 2197 prope
258 2120 425 2180 continuatis
435 2116 691 2253 firneribus,?uum
701 2115 756 2173 do-

102 2214 158 2255 mos
174 2217 267 2258 vacuas
293 2221 376 2260 novo
396 2197 580 2258 matrimonio
617 2193 755 2268 ecislent,

103 2270 237 2357 junguntur
250 2282 375 2360 nuptiis,
394 2279 484 2360 magis
503 2295 563 2336 non
586 2274 755 2355 prohibente
793 2286 855 2347 Neue

104 2351 207 2428 Servio,
259 2359 303 2418 *arn
317 2358 503 2440 approbante.
765 2333 839 2423 llll?

138 2433 224 2495 XLVI
239 2437 335 2500 ‚Tum
350 2439 423 2498 verb
438 2441 467 2501 in
481 2438 542 2497 dies
553 2435 680 2497 infestior
689 2433 758 2495 Tul-

105 2516 130 2575 lii
148 2514 280 2593 ferretus,
297 2517 423 2580 infestius
439 2540 484 2578 coe
507 2520 529 2576 it
543 2538 661 2600 regnum
682 2515 755 2577 effe:

106 2593 153 2675 jam
165 2597 235 2655 enirn
249 2600 282 2658 ab
301 2599 405 2659 scelere
423 2599 459 2658 ad
474 2540 551 2658 aliud
562 2596 685 2678 spellare
699 2617 758 2655 tnu-
774 2625 868 2664 mam.

109 2676 151 2737 lier
165 2674 243 2736 scelus
254 2701 262 2752 ;
272 2700 327 2739 nec
341 2677 445 2753 nolle,
459 2699 513 2737 nec
530 2677 651 2737 interdiu
662 2678 757 2736 virum
768 2673 868 2771 &⁰¹¹⁴

109 2755 282 2836 conquiescere
292 2760 413 2838 pati‚ne
423 2760 540 2841 gratuita
570 2757 760 2834 raeteritapar·

109 2835 189 2901 utilia
204 2835 292 2901 elenu
310 2841 376 2901 Nou
388 2840 440 2919 fibi
459 2779 588 2980 defitsssd3
612 2838 656 2895 cui
675 2853 760 2916 nupta

460 2978 463 2981 ,
573 2938 603 2978 tv
772 2951 775 2958 ·
