1984 3600
250 218 564 295 truens.
705 215 747 292 81

93 322 171 393 lomm
185 333 293 421 irrupit:
309 339 380 401 inde
397 337 532 399 omnibus
551 332 683 417 perculsis
720 357 752 395 a·

90 428 164 488 rote,
179 417 206 477 in
221 423 296 503 regia
310 415 379 481 sede
398 439 451 500 pto
471 418 549 477 cutia
561 414 660 476 sedens
673 461 683 490 ‚
697 358 750 476 ia-

91 506 136 551 tres
156 497 182 555 in
200 503 303 560 curiam
326 521 380 581 pet
420 515 564 557 taeconem
585 495 621 557 ad
650 514 748 578 tegern

89 564 252 657 Tarquinium
260 583 344 640 citati
360 579 393 661 ju
424 595 446 637 t.
457 574 629 638 Convenere
641 594 749 636 extem⁴

89 654 147 732 plo,
160 658 201 717 alii
214 658 270 740 jam
291 661 357 720 ante
374 659 411 718 ad
435 657 491 717 hoc
512 659 679 737 praeparati,
701 658 749 716 alii

89 749 168 811 metu,
177 758 209 798 ne
223 763 282 800 non
300 737 408 802 venisse
419 736 510 796 fraudi
528 734 610 811 esset,
621 738 750 798 novitate

89 836 115 873 ac
125 820 245 881 miraculo
258 821 399 893 attoniti,
417 814 518 898 &jam
532 815 568 876 de
581 814 682 878 Servio
702 838 750 876 ac-

91 901 204 958 tumtati.
218 900 259 960 lbi
271 898 448 981 Tarquinius
457 894 606 956 maledista
615 896 651 955 ab
663 895 749 977 stirpe

92 976 178 1036 ultima
190 978 256 1040 orsus
268 1004 278 1055 ;
293 985 425 1049 Servum,
431 976 562 1056 servique
573 995 681 1048 natum,
690 980 750 1059 post

96 1076 183 1116 monem
200 1062 332 1143 indignam
350 1061 474 1141 peremis
486 1055 552 1135 sui,
568 1080 622 1117 non
644 1060 749 1117 interre-

94 1158 139 1218 gno
147 1184 156 1210 ,
171 1156 196 1198 ιιι
209 1160 302 1212 antea,
316 1143 407 1210 inito,
424 1160 478 1198 non
493 1139 609 1197 comitiis
626 1139 748 1210 habitis,

95 1240 140 1277 non
157 1241 198 1297 per
211 1219 362 1302 suffiagium
382 1219 501 1298 populi,
525 1240 579 1277 non
602 1219 751 1277 nulloribus

97 1299 217 1373 Patribus,
228 1301 342 1361 muliebri
352 1304 424 1360 dono
434 1318 538 1381 regnum
551 1294 695 1378 occupaffe.
704 1299 752 1357 lta

98 1396 191 1455 natum,
204 1381 239 1442 ira
253 1401 365 1441 creatum
390 1401 491 1461 regem,
506 1376 641 1457 fautorem
665 1378 754 1454 infimi

99 1462 184 1539 generis
194 1462 313 1521 lominum
321 1508 333 1532 ‚
343 1484 378 1520 ex
390 1482 442 1539 quo
453 1458 507 1540 ipse
512 1461 568 1538 fit,
581 1460 644 1516 odio
656 1459 754 1516 aliene

103 1539 225 1618 honestatis
237 1586 246 1611 ,
257 1561 359 1622 ereptum
376 1541 539 1621 primoribus
560 1559 651 1618 agnem
663 1536 756 1615 fhrdi-

106 1617 191 1693 diffluo
212 1623 292 1698 cuique
308 1617 419 1700 divififfe
436 1641 445 1678 :
466 1620 559 1678 omnia
576 1637 677 1686 onera,
697 1638 756 1695 qum

107 1701 234 1758 communia
246 1706 369 1779 quondam
378 1699 501 1780 firmine,
511 1694 649 1775 inclinaffc
662 1699 691 1754 in
698 1698 756 1776 pri-

105 1800 174 1838 mores
184 1782 289 1841 ciuitatis
298 1805 306 1842 ,·
315 1776 455 1863 institutffe
468 1776 592 1854 cenfim,
603 1794 634 1836 ιιι
646 1777 755 1859 infignis

103 1862 137 1918 nd
149 1862 263 1920 invidiam
277 1864 477 1943 locupletiorum
489 1857 602 1939 fhnuna
618 1855 704 1936 effer,
726 1858 755 1917 δ’

100 1959 200 2020 parata,
216 1945 276 2002 unde
284 1989 295 2016 ‚
310 1945 358 2003 ubi
371 1943 474 2015 uellet,
493 1938 655 2020 egenriffimr's
675 1939 754 2020 largi·
784 2002 787 2007 ,

102 2040 163 2080 retur.

135 2099 253 2162 XLVIII.
260 2103 335 2164 Huic
350 2102 473 2163 orationi
488 2098 602 2161 Servius
613 2120 701 2181 quum
714 2098 754 2158 in·

103 2180 255 2256 revenisset,
267 2185 380 2264 trepido
404 2183 505 2242 nuntio
523 2183 681 2252 excitatus,
702 2200 754 2237 ex-

106 2264 198 2343 templo
208 2263 366 2324 arestibulo
375 2265 459 2322 curiae
468 2261 571 2341 magni
578 2280 667 2333 voce,
678 2262 757 2338 Quid

104 2343 163 2415 linc,
175 2344 272 2422 inquit,
290 2345 439 2424 Tarquini,
453 2344 490 2401 rei
506 2343 569 2422 est?
584 2340 639 2419 qul
659 2357 689 2398 ιιι
703 2361 754 2398 au·

105 2424 173 2481 lucil
183 2444 219 2480 me
228 2425 286 2484 uiuo
299 2446 395 2484 uocare
409 2421 492 2501 ausus
505 2444 533 2480 es
542 2422 656 2492 Patres,
667 2439 716 2479 aut
725 2422 755 2480 in
814 2438 821 2445 “

103 2503 154 2581 sede
164 2502 274 2580 confidere
289 2528 346 2564 mea
360 2508 377 2564 ?
392 2501 494 2580 Quum
511 2501 560 2560 ille
575 2499 708 2560 ferociter
718 2501 756 2559 ad

108 2584 168 2654 huc,
179 2584 211 2641 Se
215 2587 295 2660 patris
298 2583 344 2662 firi
353 2601 435 2643 tenere
439 2580 528 2660 sedern
537 2604 550 2653 ;
565 2583 648 2641 ιιιιιῖιὸ
657 2626 667 2651 ,
675 2582 756 2659 qulm

108 2660 209 2741 servum,
221 2667 342 2739 potiorem
353 2665 444 2742 filium
454 2665 520 2743 re'gr's
537 2664 607 2743 regni
622 2662 756 2719 heredem:

109 2743 164 2820 fietis
180 2742 247 2800 illum
266 2746 312 2802 diu
328 2765 379 2825 per
397 2745 531 2802 licentiam
548 2743 691 2800 eludentem
714 2743 757 2798 in·

110 2817 199 2900 sultuffe
212 2822 344 2898 dominis3
361 2824 468 2887 clamor
485 2823 520 2881 ab
527 2819 679 2960 ὃιιίιιιφιε
697 2815 757 2878 fau-

578 2922 599 2960 v
