1984 3600
239 222 319 289 LI
347 233 374 284 u
397 234 422 283 a·
444 234 470 284 n
529 214 558 280 I.
695 231 743 304 77

66 325 132 389 santa
149 329 264 393 serebat.
290 332 403 412 Quum
427 327 593 390 consensum
616 325 743 410 deosque

67 409 232 474 consociatos
243 414 379 474 laudaret
388 412 457 470 mire
468 407 584 470 Servius
593 410 665 467 inter
674 415 741 488 pr'o-

67 510 135 551 ceres
152 492 344 567 Latinotum‚
364 512 431 550 cum
447 490 549 571 quibus
560 488 673 569 publice
704 492 742 547 ri-

66 575 201 655 vatimque
212 573 340 655 hospitia
349 568 540 652 amicitiasque
559 569 595 628 de
606 510 742 628 indotsria

66 648 203 730 junxerat,
225 653 303 735 saepe
328 651 459 711 iterando
478 650 597 724 eadem,
616 649 741 728 perpulit

66 733 352 807 tandem‚utRomae
360 730 458 789 fanum
467 728 569 789 Dianae
578 728 740 809 populiLa-

66 813 113 870 tini
129 835 191 874 cum
204 815 320 895 populo
335 811 470 872 Romano
484 807 617 868 facerent.
630 807 671 867 Ea
681 826 741 867 erat

69 891 212 969 conscilio,
232 909 322 974 caput
337 890 440 951 ¹rerum
464 889 588 950 Romam
605 885 680 961 elle,
703 888 741 947 de

73 994 128 1052 quo
138 977 214 1044 toties
231 976 319 1033 annis
338 987 476 1031 certatum
487 966 633 1029 fuerat.ch
645 988 742 1049 quam·

75 1073 152 1132 quam
169 1053 297 1114 omiilum
313 1051 373 1133 jam
389 1071 425 1110 ex
441 1052 570 1128 omnium
585 1069 652 1108 cura
664 1048 742 1108 Lati·

75 1154 187 1209 norum,
201 1134 240 1194 ob
258 1154 320 1193 rem
337 1134 423 1192 toties
438 1128 588 1189 infeliciter
606 1145 742 1189 tentatam

75 1216 170 1287 armis,
183 1213 352 1286 videbatur,
373 1212 423 1270 uni
440 1208 467 1269 se
487 1229 524 1268 ex
544 1206 662 1268 Sabinis
681 1207 742 1268 fors

77 1291 136 1352 dare
145 1292 201 1353 visa
216 1292 256 1353 est
272 1296 385 1374 privato
402 1287 520 1349 consilio
535 1290 647 1370 imperii
663 1309 742 1347 recu-

78 1373 194 1509 perandi.
209 1373 265 1433 Bos
285 1375 313 1432 in
324 1369 435 1431 Sabinis
451 1386 516 1428 nata
531 1368 644 1427 cuidam
660 1371 744 1448 patri·

92 1452 186 1510 amiliae
207 1452 324 1525 dicitur,
347 1448 476 1510 mirandi
495 1446 689 1528 magnitudine
711 1469 745 1506 ac

84 1528 180 1610 specie.
194 1531 259 1590 Fixa
275 1552 322 1611 per
337 1531 440 1591 multas
464 1545 560 1588 aetates
584 1546 690 1585 cornua
715 1530 746 1586 in

85 1608 219 1670 vestibulo
237 1612 327 1692 templi
348 1610 453 1672 Dianae
478 1622 699 1681 monumentum
717 1608 745 1664 ei

84 1687 157 1750 fuere
170 1691 302 1751 miraculo.
317 1690 442 1763 Habita,
461 1705 493 1748 ut
511 1701 591 1759 erat,
610 1704 654 1743 res
680 1705 747 1764 pro-

83 1770 146 1853 digii
161 1771 223 1831 loco
236 1770 274 1833 est
288 1795 297 1848 3
309 1773 342 1834 &
357 1772 486 1831 cecinere
500 1784 602 1840 vates,
617 1761 697 1846 cujus
713 1768 749 1825 ci·

81 1854 168 1912 vitatis
179 1873 236 1913 eam
246 1855 316 1914 civis
324 1850 430 1912 Dianae
442 1845 626 1920 immolasset,
635 1847 674 1905 ibi
683 1845 749 1907 sore

81 1934 220 2012 imperium
230 1957 239 2007 ;
248 1934 278 1993 id
319 1952 335 1990 e
348 1950 462 1993 carmen
471 1945 640 2010 pervenerat
650 1927 686 1986 ad
699 1949 748 1986 an·

79 2011 188 2072 tistitem
203 2011 255 2073 sani
311 2015 392 2073 'anm
412 2008 550 2082 Sabinus,
570 2024 601 2089 ut
643 2010 748 2067 timum

81 2109 140 2171 apta
153 2093 210 2152 dies
220 2091 357 2153 sacrificio
366 2087 614 2163 visaest‚bovem
651 2108 749 2147 omam

80 2171 164 2231 allam
178 2171 286 2236 deducit
310 2170 347 2230 ad
369 2169 467 2230 fanum
489 2167 615 2238 Dianae,
631 2168 664 2226 ὃ(
684 2183 753 2229 ante

81 2272 151 2314 aram
170 2249 264 2314 statuit.
283 2250 329 2312 Ibi
346 2248 460 2311 antistes
478 2246 648 2318 Romanus,
662 2266 751 2327 quum

82 2352 144 2390 eum
168 2330 329 2414 magnitudo
355 2328 479 2391 vittinae
509 2324 648 2387 celebrata
674 2323 751 2388 fama

83 2409 232 2484 movisset,
253 2432 365 2471 memor
385 2404 535 2491 responsi,
556 2403 691 2467 Sabinum
711 2408 751 2467 ita

84 2491 241 2571 alloquitur:
252 2494 389 2571 Quidnam
399 2508 428 2552 tu
440 2532 450 2560 ‚
463 2487 572 2568 hospes,
586 2490 697 2568 paras?
708 2489 751 2546 in-

86 2573 158 2650 quit:
170 2570 421 2649 incesldfizcrificium
434 2571 536 2633 Diana
544 2566 659 2646 fizcere?
675 2566 752 2644 Quin

87 2668 113 2709 tu
121 2650 181 2708 anti
190 2652 250 2708 vivo
255 2648 419 2734 pefitnderis
425 2650 561 2729 flumine?
570 2646 669 2724 Infimd
677 2646 750 2704 valle

85 2730 190 2809 profluit
199 2731 302 2789 Tiberis.
312 2727 462 2811 Religione
472 2727 559 2786 casius
569 2723 689 2804 hospes,
701 2728 751 2804 qui

91 2809 197 2885 onnia,
211 2827 240 2869 ut
256 2807 388 2895 prodigio
409 2806 596 2893 responderet
614 2821 752 2880 eventuS,

509 2885 540 2951 Ι)
560 2882 590 2966 n
