1984 3600
195 217 416 285 [ΜΗ
475 206 580 284 III.
663 237 728 286 211

56 328 163 393 furium
173 331 302 411 legatum
311 328 326 412 (
333 327 417 390 frater
429 329 507 390 idem
517 328 639 391 consulis
650 329 732 412 erat)
743 356 842 391 εει

56 411 161 496 longius
173 412 274 472 extuh't
285 407 380 470 cursus
395 431 468 484 ;nec
480 409 544 471 suos
553 411 603 470 ille
612 411 731 473 redeun-
741 409 843 506 ngg:

55 509 113 566 tes,
128 491 317 574 persequendi
332 488 425 550 studio
435 535 445 565 ,
457 511 550 571 neque
560 490 682 553 hostium
694 492 730 552 ab
754 488 758 497 ’
782 485 787 498 '

55 588 133 656 tergo
147 571 288 633 incursum
303 571 377 632 vidit
392 594 400 632 z
418 573 458 630 ita
471 570 619 645 exclusus,
634 570 730 633 multia

58 651 128 735 sape
141 651 238 713 frustra
256 652 405 713 conatibus
416 654 525 732 captis,
543 669 575 712 ut
591 654 668 713 viam
678 651 731 712 sibi

60 733 92 792 ad
109 732 192 793 castra
205 732 331 806 faceret,
350 734 450 791 acriter
464 732 601 793 dimicans
617 734 730 794 cecidit.

62 811 95 876 Et
111 812 221 889 consul,
240 814 344 873 nuntio
359 813 543 874 circumventi
557 811 648 874 fratris
665 834 734 873 con⁴

62 891 152 954 versus
171 894 205 955 ad
219 913 364 977 pugnam,
376 892 445 953 dum
457 891 486 953 se
502 910 610 954 temere
623 896 732 978 magis,

64 972 146 1054 quim
163 973 222 1034 satis
248 974 349 1046 cautd,
369 975 398 1031 in
422 974 548 1034 mediam
571 975 733 1035 dimicatio·

66 1072 131 1112 nem
144 1052 241 1128 infert,
257 1054 377 1117 nituere
395 1069 533 1136 accepto,
544 1074 618 1137 aegte
629 1055 664 1115 ab
676 1055 735 1114 cit-

67 1130 254 1194 cumstantibus
273 1148 410 1216 ereptus,
429 1133 462 1194 ὃ(
483 1131 597 1194 suorum
621 1137 733 1195 animos

67 1213 197 1288 turbavit,
212 1212 416 1275 &ferociores
433 1212 527 1273 hostes
546 1213 615 1274 fecit
634 1238 641 1277 :
663 1216 732 1297 qui,

69 1292 140 1362 caede
153 1296 254 1376 legati,
274 1296 307 1355 δι
325 1291 447 1354 consulis
468 1295 588 1355 vulnere
602 1293 733 1370 accensi,

69 1373 141 1432 nulli
160 1374 259 1435 deinde
277 1376 309 1437 vi
327 1371 454 1434 sustineri
479 1391 623 1469 potuere,
643 1394 734 1457 quum

73 1453 198 1534 compulsi
213 1456 241 1514 in
263 1452 351 1515 castra
366 1454 491 1516 Romam
510 1453 602 1515 rursus
623 1453 736 1516 obfide·

75 1549 233 1606 rentut,nec
247 1534 377 1616 spe‚nec
394 1535 504 1596 viribus
522 1555 603 1613 pares
620 1531 738 1607 ;venis·

76 1608 166 1693 setque
183 1617 209 1673 in
224 1616 379 1697 periculum
395 1614 506 1675 summa
521 1634 637 1686 retum,
650 1615 680 1671 ni
696 1611 734 1672 T.

77 1689 201 1771 Quintius
209 1698 361 1778 peregrinis
371 1697 463 1776 copiis
474 1716 542 1754 cum
551 1693 654 1755 Latino
664 1692 740 1752 Her·
769 1697 789 1758 Α,
799 1697 834 1783 ’ζο-
853 1695 856 1703 “

77 1773 187 1857 nicoque
209 1779 333 1836 exercitu
357 1773 537 1837 subveniffet.
559 1773 587 1834 Is
611 1744 846 1836 intentosiddm.

76 1850 102 1911 in
117 1854 195 1916 castra
208 1856 339 1917 Romana
352 1857 483 1937 Equos,
499 1856 640 1939 legatique
653 1871 738 1938 caput

77 1930 193 1997 ferociter
208 1936 380 1998 ostentantes
391 1980 400 2009 ,
411 1937 445 1996 ab
459 1952 543 2018 tergo
553 1937 690 2008 adortus,
704 1934 739 1996 st-

77 2016 127 2074 mul
135 2018 169 2076 ad
181 2016 288 2099 signum
297 2040 314 2076 a
323 2016 352 2079 se
367 2016 469 2099 procul
477 2018 586 2078 editum
595 2038 630 2076 ex
643 2016 741 2079 castris-

76 2100 207 2177 etuptione
231 2097 304 2158 faeta
325 2144 335 2173 ‚
363 2117 495 2178 magnam
520 2100 581 2158 vim
612 2094 739 2157 hostium
793 2121 797 2128 ·

78 2176 256 2239 circumvenit.
279 2177 378 2237 Minor
398 2177 515 2248 caedes,
536 2175 604 2258 fuga
626 2174 743 2236 effusior·

79 2254 221 2337 Equorum
236 2263 266 2318 in
286 2279 354 2340 agro
372 2257 425 2317 fuit
437 2256 595 2320 Romano:
619 2257 648 2313 in
666 2277 739 2337 quos

78 2337 192 2416 palatos,
209 2339 336 2419 praedam
354 2354 495 2419 agentes,
515 2335 675 2397 Postumius
690 2336 741 2396 ali-

80 2434 140 2495 quot
159 2420 248 2493 locis‚
271 2418 374 2500 quibus
393 2434 554 2498 opportuna
567 2416 741 2498 imposuerat

79 2495 208 2575 praesidia,
221 2502 362 2579 impetum
378 2497 457 2557 dedit
468 2521 477 2558 :1
486 2499 506 2556 ii
516 2501 598 2581 vagi,
609 2496 741 2579 diffipato

81 2580 177 2656 agmine
193 2578 352 2661 fugientes,
370 2580 400 2636 in
417 2576 572 2657 Quintium
581 2578 741 2655 nidorem,
836 2582 840 2589 ’

83 2673 137 2714 cum
147 2656 234 2721 saucio
251 2657 368 2719 consule
376 2675 566 2719 revertentem
578 2704 588 2731 ,
602 2659 741 2720 inciddre.

84 2729 149 2795 Tum
174 2738 323 2800 consularis
347 2741 484 2806 exercitus
509 2759 524 2799 e
545 2739 622 2819 regia
644 2760 683 2817 pu
722 2739 741 2801 d
783 2737 786 2742 ’

86 2814 189 2880 wusulis
198 2805 324 2896 uulnus,
340 2819 424 2905 legati
443 2821 476 2885 δι
493 2760 684 2881 coiiortiumu
