1984 3600
239 184 304 257 108
431 186 466 258 T.
516 186 734 259 errr'

97 371 110 386 ὴ
120 279 221 405 ᾖ
232 302 289 396 'alia
304 301 417 385 insuper
435 305 606 386 ignominia,
618 307 795 378 acciderent,
805 301 910 365 abdica
965 335 967 338 ·

122 403 222 491 acqm.
235 400 280 442 vrt
300 382 328 443 se
351 383 496 445 consulatu
512 408 527 460 ,3
544 386 684 467 rebusque
707 385 762 446 suis
785 386 907 445 omnibus
963 442 966 446 ,

105 496 106 501 1
120 451 223 550 sflofsssf
237 462 388 525 Lavinium
407 466 563 540 translatis,
582 468 699 527 civitate
719 465 804 528 ceffit.
814 466 907 526 Brutus
965 496 967 502 ν

123 549 177 590 102⁸·
237 564 273 603 ex
289 544 525 607 senatusconsulto
548 546 584 606 ad
607 547 749 628 populum
773 548 857 620 tulit,
879 557 907 604 ut

210 695 214 704 .
237 647 339 686 omnes
357 624 415 686 Tar
435 630 521 687 uiniae
547 630 639 709 gentis
668 627 781 687 exsules
807 625 906 690 ellent:
963 649 967 668 ³

123 692 225 781 ,βψ
237 706 378 789 collegam
399 649 450 766 silri
478 709 601 768 comitiis
618 710 782 767 centuriatis
809 708 908 767 crearit

126 790 189 851 Μ·
235 786 267 848 Ρ.
278 787 442 861 Valerium,
454 810 513 869 quo
524 787 653 868 adjutore
669 808 752 871 reges
766 785 890 866 ejecerat.

123 853 171 882 ’ω’
278 866 330 928 ΙΙΙ.
341 867 442 946 Quum
456 869 532 928 haud
543 871 675 950 cuiquam
686 871 715 927 in
731 869 819 929 dubio
829 866 905 940 esset,

235 948 343 1008 bellum
353 948 388 1006 ab
399 947 561 1030 Tarquiniis
571 951 721 1009 imminere
733 994 743 1024 ,
756 950 786 1010 id
835 950 905 1008 idem

235 1028 285 1110 spe
302 1031 431 1088 omnium
442 1028 527 1089 serius
542 1030 611 1089 suit:
624 1047 774 1102 ceterum,
790 1032 799 1088 i
833 1028 906 1111 quod

234 1130 295 1169 non
311 1108 469 1185 timebant,
485 1131 538 1191 per
555 1110 654 1170 dolum
674 1133 706 1171 ac
720 1112 905 1192 proditionem

233 1190 326 1281 prope
341 1189 456 1250 libertas
471 1188 566 1250 armilla
580 1189 629 1251 est.
640 1190 728 1251 Erant
743 1194 774 1250 in
784 1190 906 1251 Romana

232 1286 383 1351 juventute
399 1271 593 1331 adolescentes
611 1272 741 1353 aliquot,
763 1294 817 1331 nec
833 1274 906 1331 iite-

232 1352 284 1410 nui
298 1351 365 1412 loco
381 1355 455 1425 orti,
471 1373 593 1434 quotum
612 1354 642 1410 in
656 1373 746 1435 regno
762 1353 850 1412 libido
866 1350 905 1410 so-

232 1431 320 1492 lutior
327 1431 433 1507 fuerat,
444 1434 566 1514 aequales
571 1431 741 1515 sodalesque
751 1432 905 1493 adolescen-

232 1513 305 1572 tium
321 1511 544 1596 Tarquiniorum
554 1559 563 1588 ‚
572 1511 667 1572 aslueti
679 1535 762 1573 more
778 1517 857 1597 regio
868 1514 906 1573 vi·

204 1621 206 1625 ·
232 1615 312 1655 vere.
329 1593 399 1654 Eam
410 1612 490 1668 tum,
504 1612 615 1676 aequato
634 1591 694 1673 jure
712 1599 844 1674 omnium
854 1640 863 1669 ‚
874 1594 906 1652 li-

230 1678 355 1735 centiam
376 1692 533 1756 quaerentes
546 1718 555 1747 ,
574 1675 734 1734 libertatem
747 1678 866 1736 aliorum
878 1676 904 1732 in

204 1783 206 1788 ’
230 1753 310 1815 suam
328 1754 440 1817 vertisse
458 1755 623 1815 servitutem
641 1758 714 1816 inter
734 1755 762 1816 se
784 1767 904 1838 conque*

231 1836 374 1896 rebantur.
392 1840 488 1916 Regem
504 1839 634 1898 hominem
647 1841 710 1919 effe,
727 1862 746 1897 a
765 1861 817 1917 quo
830 1841 903 1918 impe·
965 1890 966 1911 q

231 1935 301 1987 tres,
317 1917 363 1976 ubi
367 1913 418 1997 jus
424 1918 492 1987 ,ubi
502 1914 604 1996 injuria
617 1940 685 1998 opus
719 1937 747 1977 t:
760 1918 903 2001 effigrarr'ae
965 1942 966 1957 ³

231 1997 340 2069 locum,
357 1996 406 2076 effe
421 1999 546 2076 beneficio
557 2020 571 2070 ,·
591 2000 618 2058 δ’
632 2002 672 2058 ira
686 2002 730 2070 ci,
743 2001 770 2059 fe
783 1998 903 2082 ignoscere

225 2076 301 2159 posse
320 2081 545 2138 :interamnam
561 2098 642 2158 atque
665 2083 803 2139 inimicum
821 2078 905 2157 discri-

230 2181 289 2218 men
309 2156 389 2236 noffe.
410 2162 492 2242 Leges
510 2182 561 2220 rem
571 2159 702 2239 findam,
720 2162 903 2221 inexorabilem

230 2238 280 2318 effe
287 2285 297 2312 ,
307 2239 481 2319 salubriorem
494 2242 673 2320 melioremque
686 2245 762 2322 inopi
775 2244 853 2322 qaa'm
860 2263 905 2322 po·

197 2358 201 2363 ‹
230 2324 296 2381 renti
312 2344 321 2380 .·
340 2324 413 2381 nilll
427 2323 577 2380 laxamenti
597 2344 645 2380 nec
664 2325 750 2383 venia
762 2321 904 2399 habere,·fi

229 2404 336 2460 modum
358 2399 492 2477 excesseris
511 2401 709 2481 :periculofirm
736 2402 803 2479 effe,
820 2407 848 2462 in
869 2419 906 2461 rot

117 2497 211 2559 oniae-
228 2482 354 2542 humanis
372 2483 496 2541 erroribus
500 2481 564 2561 solii
576 2485 730 2543 innocentia*
742 2489 835 2544 vivere.
848 2482 903 2554 Ita,

116 2552 286 2646 iiil‘liliam
305 2560 352 2621 sui
368 2561 467 2644 sponte
484 2567 565 2645 aegris
583 2566 699 2638 animis,
721 2564 805 2647 legati
821 2565 906 2622 abre-

116 2659 188 2739 23‘411·
247 2643 309 2703 'hus
326 2643 548 2726 superveniunt,
566 2643 623 2702 stne
642 2648 789 2706 mentione
802 2644 902 2705 reditis

149 2719 156 2739 '
226 2665 303 2785 lbna
313 2729 422 2786 tantiam
434 2740 611 2806 repetentes:
623 2746 724 2785 eorum
734 2727 823 2786 verba
835 2722 905 2807 post-

227 2828 312 2890 quam
321 2810 350 2870 in
364 2807 459 2872 senatu
466 2805 562 2868 audita
575 2804 653 2880 scuit,
662 2827 715 2888 per
725 2808 834 2890 aliquot
844 2806 903 2867 dies
