1984 3600
225 260 449 348 LIBER
510 261 550 329 V.
658 280 729 359 475

66 392 122 433 am
144 371 259 436 dicere
280 375 399 436 obituros
412 396 484 449 ,0nec
501 375 545 435 lis
561 376 731 456 corporibus,
741 388 841 424 ΞΕ

66 453 127 514 ltus
139 478 205 516 non
220 455 387 536 aneensem,
402 478 457 516 non
467 458 534 515 tueri
541 460 660 535 patriam
665 458 729 537 pos·
739 443 840 547 Ξξζξζζ

65 554 97 607 t,
115 555 291 596 oneraturos
299 538 345 596 ino
368 540 374 551 '
393 558 419 594 m
430 554 599 595 amatorum.
610 536 680 598 Haec
690 539 731 599 in·

65 613 224 676 seniores
235 618 324 677 morti
335 558 487 676 tile'tatinatos
495 614 598 695 jaciata
607 615 713 679 solatia.

63 692 139 755 XL.
153 694 264 757 Versae
279 696 346 764 inde
358 695 568 757 adhortationes
580 695 616 755 ad
625 715 728 793 agmen

63 794 201 849 renum,
212 796 290 859 quos
306 778 336 837 in
350 772 532 858 Capitolium
544 791 629 859 atque
643 797 673 837 m
686 799 732 839 ar·

62 875 94 914 tn
121 853 401 946 prosequebantur,
419 854 657 918 commendantes
671 859 732 920 uir·

61 935 84 995 ti
100 954 218 996 eorum
231 952 414 1018 Juventaeque
431 936 509 997 urbis
543 952 728 1011 ertrecentor

60 1017 188 1098 taginta
207 1036 300 1077 annos
318 1015 452 1077 omnibus
473 955 558 1076 belsia
579 1014 728 1095 vilium,

59 1115 235 1178 taecumque
246 1097 355 1236 reupua
365 1093 449 1169 eilet,
459 1093 611 1158 fortunam.
623 1095 733 1182 Digre-

61 1175 209 1250 entibus‚
226 1178 276 1259 qui
304 1196 373 1259 pem
393 1196 513 1237 omnem
532 1192 616 1259 atque
637 1198 730 1261 opem

61 1277 138 1317 curn
149 1254 297 1331 ferebant,
307 1256 342 1315 ab
354 1259 390 1316 iis
399 1301 410 1331 ‚
420 1259 469 1351 qui
478 1273 569 1338 captae
578 1257 655 1318 urbis
667 1279 730 1321 non

57 1333 184 1418 tpetess‘e
201 1335 352 1397 statuerant
369 1338 480 1410 exitio,
496 1356 585 1418 quum
602 1335 663 1417 ipsa
680 1358 730 1399 tea

56 1414 212 1497 octiesque
229 1414 485 1488 miserabilium,
501 1431 564 1475 tum
579 1416 727 1480 muliebris

55 1514 126 1556 ,etus
150 1497 185 1557 &
212 1495 390 1557 concursatio
419 1498 527 1556 incerta
546 1539 556 1569 ‚
575 1515 651 1557 nunc
671 1497 726 1559 hos

58 1597 117 1637 unc
132 1576 200 1636 illos
218 1575 415 1658 sequentium,
429 1576 669 1660 rogitantiumque
683 1580 727 1639 vi-

55 1678 90 1716 os
110 1653 271 1738 natosque,
289 1658 335 1717 cui
353 1654 382 1717 se
405 1654 464 1716 fato
484 1655 605 1730 darent,
627 1656 726 1734 nihil,

53 1736 126 1819 [uod
148 1735 277 1796 humanis
297 1733 448 1818 superellet
464 1735 566 1809 malis,
581 1736 730 1820 relinque·

53 1834 114 1878 ›ant
133 1840 141 1878 :
159 1837 260 1897 magna
276 1838 340 1900 pars
353 1831 449 1876 tamen
468 1837 565 1877 earum
581 1818 611 1874 in
626 1837 723 1879 arcem

53 1897 111 1959 'uos
131 1896 286 1979 prosecutae
297 1896 372 1972 sunt,
389 1916 442 1956 nec
458 1896 629 1978 prohibente
645 1897 725 1974 ullo,

53 1998 101 2039 nec
113 1993 253 2052 vocante3
273 1978 356 2058 quia,
373 1976 453 2058 quod
466 1976 536 2036 utile
557 1975 671 2038 obsessis
685 1979 725 2042 ad

53 2057 231 2118 minuendam
255 2057 403 2116 imbellem
427 2056 663 2130 multitudinem,
690 2060 724 2121 id

70 2157 150 2198 arum
167 2136 317 2198 humanum
335 2150 403 2196 erat.
419 2133 507 2209 Alia,
523 2137 647 2196 maxime
662 2138 726 2218 ple-

53 2160 115 2292 iu,
131 2216 225 2290 turba,
237 2238 321 2299 quam
335 2236 390 2276 nec
406 2233 508 2295 capere
527 2231 589 2274 tam
602 2217 726 2296 exiguus

53 2298 155 2371 collis,
170 2318 220 2358 nec
237 2298 312 2356 alere
331 2298 361 2356 in
382 2310 459 2355 tanta
476 2295 575 2376 inopia
587 2291 726 2358 frumenti

52 2393 182 2463 poterat,
200 2397 234 2438 ex
252 2376 322 2439 urbe
337 2373 423 2436 effusa
434 2376 517 2436 velut
530 2376 642 2459 agmine
659 2373 722 2459 jam

53 2479 111 2521 uno
123 2460 200 2540 petiit
211 2457 367 2520 Ianiculum
386 2479 393 2517 τ
411 2456 478 2518 inde
513 2476 556 2517 ars
572 2476 624 2538 pet
636 2477 725 2541 agtoe

55 2537 168 2621 dilapsi,
185 2558 245 2620 pars
263 2537 347 2598 urbes
452 2554 464 2597 t
486 2477 640 2612 iniimus,
661 2537 724 2601 stne

56 2621 116 2682 ullo
125 2619 192 2679 duce
202 2634 246 2678 aut
253 2615 357 2680 consen
369 2638 388 2676 u
395 2663 405 2690 ‚
413 2615 491 2679 suam
498 2617 614 2700 quisque
622 2615 701 2699 spem
709 2662 725 2695 ,

56 2700 104 2762 sua
120 2696 243 2770 confina,
260 2697 460 2758 communibus
476 2697 654 2776 deploratis,
671 2717 726 2759 ex.

57 2779 204 2862 sequentes.
215 2777 331 2838 Flamen
349 2777 464 2837 interim
481 2773 639 2855 Quirinalis
658 2778 725 2839 vir.

59 2858 182 2946 ginesque
204 2855 347 2934 vestales,
368 2853 471 2932 omilll
491 2873 596 2917 rerum..
608 2851 724 2925 suarum
