1984 3600
216 258 462 339 Lmen
523 271 576 372 V„
667 287 741 365 425ss

28 405 112 467 quum
131 386 196 446 huc
216 400 318 465 atque
346 383 413 443 illuc
437 382 515 466 figna
536 381 740 458 transferrent,
754 406 854 441 em

28 488 76 526 nec
89 466 272 527 Veientem
283 464 358 524 satis
373 464 508 525 cohibere
522 465 594 523 intra
605 466 742 525 munitio·
755 465 854 554 Uet-su·

29 568 97 621 nes,
114 569 176 607 nec
194 545 261 606 suis
285 548 477 605 munimentis
494 566 589 604 arcere
612 548 673 604 vim
685 591 694 618 ,
708 566 741 605 ac
755 528 774 557 ⁶⁸
796 521 855 565 '³⁹⁹'

29 630 97 687 tueri
117 627 149 687 se
167 627 209 686 ab
231 628 390 686 exteriore
409 642 541 707 poterant
562 624 653 685 hoste.
674 625 741 685 Una

29 705 90 787 spes
104 725 190 781 erat,
210 705 236 765 fi
260 728 306 766 ex
324 704 482 787 majoribus
500 697 595 766 castris
611 705 743 767 subveni-

30 804 127 862 retur,
146 806 183 849 ut
204 785 345 847 diversae
362 788 513 869 legiones,
529 787 591 846 aliae
607 787 742 846 adversus

32 865 221 948 Capenatem
230 866 744 948 acFaliicum,aliaecontraeruptio·

33 967 98 1006 nem
121 971 165 1030 op
190 949 363 1008 idanorum
387 964 553 1029 pugnarent.
569 945 627 1006 Sed
647 945 743 1006 castris

35 1046 155 1105 praeerat
208 1030 360 1110 irginius,
370 1030 506 1108 privatim
520 1025 621 1109 Sergio
635 1025 742 1087 invisus

37 1105 233 1191 infestusque:
247 1111 275 1168 is
289 1154 300 1182 ,
317 1129 407 1188 quum
418 1109 553 1189 pleraque
567 1106 679 1169 castella
690 1129 744 1188 op·

39 1205 184 1269 pugnata,
206 1188 364 1269 superatas
380 1190 553 1248 munitiones
569 1234 578 1261 ,
600 1190 743 1269 utrimque

41 1267 136 1327 invehi
149 1268 280 1330 hostem
298 1270 489 1342 nuntiaretur,
500 1270 625 1327 inarmis
638 1268 744 1328 milites

43 1351 151 1422 tenuit3
164 1348 188 1409 sa
201 1372 287 1432 opus
306 1348 383 1408 foret
393 1349 518 1422 auxilio,
532 1348 672 1430 collegam
686 1348 746 1407 dic-

44 1427 124 1488 titans
142 1430 182 1490 ad
201 1429 235 1490 se
258 1427 420 1490 missurum.
443 1427 537 1508 Hujus
558 1430 745 1509 arrogantiam

50 1511 205 1584 pertinacia
223 1510 349 1569 alterius
361 1509 509 1589 aequabat,
523 1510 589 1590 qui,
605 1527 641 1567 ne
657 1529 744 1590 quam

50 1605 67 1645 o
88 1608 134 1649 em
153 1591 193 1650 ah
211 1593 343 1650 inimico
362 1590 510 1650 videretur
525 1586 643 1672 petiile,
665 1590 744 1648 vinci

99 1668 203 1746 hoste,
218 1671 316 1752 quam
330 1671 448 1730 vincere
465 1690 518 1750 per
529 1670 624 1728 civem
636 1668 744 1728 maluit.

54 1740 111 1807 Diu
127 1751 158 1810 in
175 1752 287 1813 medio
308 1748 371 1810 caesr
389 1749 508 1824 milites,
519 1746 681 1830 postremo,
697 1747 747 1808 de·

54 1822 130 1889 sertis
153 1830 394 1902 munitionibus,
418 1832 553 1911 perpauci
582 1831 611 1887 in
637 1826 747 1908 majora

58 1906 158 1986 castra,
179 1935 251 1994 pars
261 1914 388 1971 maxima
397 1927 480 1991 atque
493 1908 551 1991 ipse
565 1907 679 1991 Sergius
690 1909 748 1968 Ro·

57 2005 130 2050 mam
145 1993 379 2072 pertenderunt:
394 1990 443 2049 ubi
454 2010 542 2072 quum
554 2011 672 2067 ornnem
686 1989 747 2049 cul-

60 2087 124 2159 pem
138 2075 171 2132 in
189 2075 276 2135 colle
297 2093 343 2130 am
361 2071 525 2143 inclinaret,
545 2072 629 2129 acciri
649 2068 748 2151 Virgi-

62 2165 137 2211 mum
163 2174 202 2213 ex
229 2177 246 2214 c
292 2155 348 2226 ris,
367 2153 474 2210 interea
478 2148 605 2286 praeelle
638 2148 747 2230 legatos

62 2228 174 2305 placuit
197 2232 279 2295 Atta
298 2231 402 2292 deinde
426 2232 455 2289 in
491 2245 575 2288 enatu
602 2248 648 2287 res
678 2227 745 2300 est,

66 2325 201 2373 certatum
223 2335 265 2374 ue
276 2316 349 2372 inter
360 2309 482 2391 collegas
492 2307 647 2368 malediciis
658 2329 665 2367 ε
679 2329 750 2386 pau-

67 2389 91 2447 ci
108 2337 297 2472 reipublicae,
313 2393 378 2452 huic
399 2407 484 2472 atque
499 2389 557 2462 illi,
571 2404 602 2447 ut
620 2386 748 2469 quosque

69 2463 188 2534 studium
203 2476 341 2558 privatim
358 2489 405 2532 aut
416 2472 505 2558 gratia
514 2485 749 2558 occupaverunt,

69 2547 173 2613 adsunt.

74 2706 80 2720 ι
107 2628 159 2695 lX.
177 2633 324 2695 Primores
340 2633 467 2704 Parrum,
484 2630 545 2691 save
563 2631 646 2712 culpi
656 2675 667 2702 ‚
688 2626 749 2689 live
839 2696 843 2706 Ι

72 2706 234 2777 infelicitate
250 2718 453 2796 imperatorum
465 2757 474 2786 ,
485 2729 544 2771 tam
559 2707 749 2792 ignominiosa
763 2691 865 2781 ,222¹ss

74 2787 164 2855 clades
175 2811 293 2876 accepta
307 2792 389 2865 effer,
399 2790 532 2853 censuere
543 2836 553 2863 ‚
563 2793 629 2850 Non
641 2788 864 2878 exspect-{23:21¹

76 2873 182 2936 undum
190 2874 291 2961 jussum
307 2893 409 2958 tempus
421 2874 588 2937 comitiorum
601 2891 616 2945 ,¹
629 2867 680 2952 sed
698 2891 749 2933 ex*
761 2897 840 2942 gnte.
