1984 3600
249 232 564 305 LIBERI.
705 255 753 331 99

66 350 106 416 lus
121 354 233 438 regimn
250 375 285 414 ac
305 355 370 415 vim
385 368 551 434 queruntur.
569 347 678 412 Movet
693 367 754 412 tunt

64 437 147 518 patris
164 432 394 509 maestitia‚tum
405 432 530 508 Brutus,
547 430 696 514 castigator
713 433 755 492 la-

66 535 226 597 trymarum
235 532 265 576 at
307 515 472 575 einertium
481 514 680 596 querelarum,
691 534 755 574 auc·

65 613 188 680 torque,
205 619 266 679 quo
309 598 392 692 viros
401 638 415 691 .’
425 594 516 735 ¹{rod
529 594 685 699 llomanqt
702 594 755 655 de·

65 673 756 839 lssizffnlilssllqrffilssiliss

68 841 123 898 mis
139 840 322 900 voluntarius
340 836 441 899 adest:
462 835 588 919 sequitur
610 839 643 899 &
663 854 758 898 cetera

71 916 209 998 iuventus.
228 920 304 980 lnde
320 964 331 994 ‚
347 920 408 1001 pari
421 916 553 1000 praesidio
570 917 669 979 tellao
683 916 758 979 Col·

74 999 145 1057 latiae
163 1001 333 1082 adportas,
353 997 572 1081 custodibusque
592 998 663 1059 datis
683 1043 694 1075 ,
720 1019 758 1060 ne

80 1080 138 1160 quis
153 1100 216 1141 eum
231 1098 350 1142 motum
364 1078 479 1162 regibus
490 1082 653 1153 nuntiaret,
671 1082 761 1140 ceteri

78 1164 187 1237 armati,
206 1162 280 1223 duce
292 1160 401 1235 Bruto,
415 1159 541 1221 Romam
554 1159 685 1243 profedli.
699 1161 760 1223 Ubi

78 1241 112 1301 eb
126 1260 246 1302 ventum
261 1240 324 1315 est,
336 1261 517 1324 quacumque
533 1241 641 1301 incedit
655 1260 760 1303 armata

78 1322 248 1398 multitudo,
267 1339 410 1405 pavorem
432 1343 465 1381 ac
488 1322 645 1383 tumultum
665 1320 758 1382 facit:

79 1401 168 1462 rursus
176 1404 226 1462 ubi
234 1405 343 1463 anteire
374 1405 494 1463 timores
506 1405 628 1463 civitatis
638 1402 760 1476 vident,

80 1483 216 1563 quidquid
225 1483 263 1543 stt
272 1527 282 1555 ,
292 1425 373 1543 baud
380 1501 488 1545 temere
506 1481 561 1543 elle
577 1499 683 1543 rentur.
694 1482 760 1543 Nec

82 1564 223 1622 minorem
249 1580 358 1624 motum
382 1567 545 1624 animorum
573 1562 678 1623 Rotnae
701 1580 760 1622 tarn
783 1573 874 1626 Populus

86 1657 165 1701 atrox
174 1664 217 1703 res
228 1642 308 1720 facit,
317 1645 405 1727 quim
415 1642 550 1705 Collatiae
557 1641 673 1703 fecerat.
683 1639 760 1726 Ergo
774 1624 876 1711 &iij-‘⁴‘

87 1742 122 1780 ex
134 1724 261 1785 omnibus
277 1725 347 1786 locis
362 1725 487 1786 urbisin
512 1722 609 1784 forum
631 1725 759 1786 curritur.
773 1724 862 1816 illiga

84 1802 152 1883 Qui
167 1805 248 1867 fimul
262 1825 382 1869 ventum
399 1805 464 1880 est,
486 1828 584 1888 praeco
608 1806 645 1865 ad
671 1806 762 1866 tribu·
775 1832 816 1869 tun
859 1812 861 1815 ’

84 1905 149 1944 num
161 1885 313 1963 Celerum,
324 1891 361 1947 in‘
407 1905 501 1948 otum
512 1885 673 1970 magistratu
684 1887 763 1949 forte

83 1964 179 2049 Brutus
198 1986 277 2044 erat,
296 1909 439 2051 popffltn
455 1968 619 2029 advocavit.
638 1968 682 2027 lbi
699 1991 762 2029 ora-

84 2048 122 2106 tio
141 2048 252 2125 habita,
266 2071 304 2109 ne
362 2069 448 2130 qnam
466 2046 529 2129 ejus
547 2047 670 2130 pedionis
687 2051 764 2132 inge-

83 2130 196 2211 mique,
210 2130 292 2212 quod
319 2131 469 2189 imulatnm
478 2129 516 2188 ad
530 2150 594 2189 eam
610 2128 689 2189 diem
702 2129 765 2191 fue-

85 2225 141 2283 rat,
160 2211 197 2270 de
215 2213 248 2272 vi
267 2231 299 2269 ac
317 2211 435 2271 libidine
453 2209 532 2270 Sexti
549 2208 714 2292 Tarquinii,
726 2212 767 2272 de
845 2286 849 2291 ⁵

84 2285 176 2372 stupro
195 2289 315 2350 infando
330 2291 469 2351 Lucretiae
489 2292 523 2352 &
538 2288 688 2351 miserabili
706 2313 764 2352 cae·

85 2368 139 2445 de,
155 2371 192 2432 de
211 2370 333 2431 orbitate
351 2370 533 2453 Tricipitini,
549 2375 595 2431 cui
614 2390 708 2433 morte
730 2373 764 2434 fi-

87 2447 129 2508 liae
145 2450 227 2512 carisa
243 2454 344 2512 mortis
364 2453 509 2535 indignior
526 2473 558 2512 ac
578 2450 763 2515 miserabilior

86 2527 169 2592 effet:
184 2532 281 2592 addita
298 2530 428 2614 superbia
445 2531 530 2614 ipsius
556 2555 570 2592 r
607 2537 654 2607 is,
676 2535 764 2594 mise-

85 2611 185 2692 riaque
204 2614 239 2674 δι
259 2610 372 2672 labores
390 2613 506 2694 plebis,
527 2614 557 2671 in
588 2613 659 2674 ossas
682 2616 764 2674 cloa-

87 2688 183 2773 casque
191 2693 398 2752 exhauriendas
409 2692 553 2754 demersae.
565 2699 706 2762 Romanos
716 2696 765 2756 lo-

87 2773 166 2832 mines
172 2818 183 2845 ,
195 2776 307 2833 vitiem
317 2775 434 2833 munium
444 2775 514 2833 tired
518 2776 698 2854 populorum,
710 2799 726 2834 o
747 2779 767 2835 i·

84 2850 146 2927 βαι
160 2875 195 2915 ac
208 2854 347 2935 lapicidas
362 2876 414 2936 pro
430 2854 605 2995 bellatorssug
611 2853 710 2933 falles.
723 2798 767 2915 ln-

587 2956 606 3015 ¹1
