1984 3600
229 258 275 353 78
426 261 462 329 T.
512 263 638 332 ιη’
660 280 723 332 11

230 398 265 435 eu
288 392 348 436 eret
361 378 415 435 rite
432 374 522 449 satra,
537 376 696 459 extemplo
713 374 869 437 descendit
889 374 925 437 ad
975 409 976 412 ¹

216 397 372 518 ‹Tiierim
389 455 501 516 Interea
513 457 660 518 Romanus
671 459 804 518 immolat
814 457 924 518 Dianae

230 537 365 600 bovem:
385 537 415 595 id
437 539 509 597 mire
529 555 640 620 gratum
658 541 718 621 regi
737 556 826 621 atque
853 539 927 599 civi·

230 619 280 679 tati
298 616 361 678 fuit.

272 696 380 758 XLVI.
394 695 524 772 Servius,
574 720 706 781 amquam
714 698 773 780 jam
783 696 923 760 usuhaud

233 778 352 838 dubium
368 798 397 837 re
418 799 486 838 num
496 720 674 859 possdderat,
686 797 783 838 tamen
795 781 868 862 quia
880 781 923 838 irt-

232 857 346 920 terdum
363 798 458 937 jadari
484 880 574 919 voces
595 857 733 939 ajuvene
757 857 921 942 Tarquinio
975 935 976 938 Ἴ

153 983 158 991 .
233 938 364 997 audiebat
374 982 384 1011 ,
404 935 432 996 se
447 935 547 1017 injussu
566 940 667 1020 populi
683 959 801 1021 regnare
819 985 830 1014 ,
851 959 923 998 con·
975 1001 976 1016 χ

233 1017 328 1086 eiliatai
364 1019 421 1076 riirs
436 1018 584 1078 voluntate
602 1018 717 1099 plebis,
739 1040 809 1102 agro
836 1035 920 1099 capto
975 1057 976 1092 3

234 1118 271 1157 ex
289 1039 417 1156 hodibus
431 1099 540 1160 viritim
557 1098 671 1173 diviso,
685 1097 765 1160 ausus
786 1098 830 1160 est
847 1098 920 1159 serre

144 1195 146 1200 '
234 1177 270 1238 ad
282 1177 440 1259 populum,
453 1180 553 1237 vellent
559 1224 571 1250 ,
579 1176 734 1258 juberentur
743 1177 775 1258 se
787 1179 919 1261 regnare?

233 1273 368 1339 tantoque
385 1256 538 1332 consensu,
556 1276 661 1339 quanto
678 1259 754 1319 haud
771 1259 919 1341 quisquam
975 1313 976 1328 ,

235 1338 304 1397 alius
315 1339 378 1397 ante
389 1383 399 1412 ,
409 1359 459 1396 rex
477 1337 517 1397 est
533 1339 698 1399 declaratus.
710 1339 816 1421 Neque
832 1361 867 1399 ea
877 1357 918 1397 res

141 1426 224 1498 agnis
235 1417 393 1501 Tarquinio
416 1417 495 1499 spem
519 1417 666 1478 affeiiatrdi
686 1423 767 1504 tegni
788 1420 917 1490 minuit3
975 1419 976 1464 ἶ

138 1523 203 1547 enum
237 1503 328 1558 immo
348 1500 383 1558 eb
404 1497 574 1579 impensius,
596 1502 662 1581 quia
681 1500 717 1558 de
737 1521 805 1582 agro
828 1498 917 1581 plebis

157 1572 165 1595 ⁶
206 1584 212 1595 ’
237 1580 358 1642 adversi
374 1578 487 1642 Parrum
497 1580 646 1642 voluntate
657 1578 776 1642 senserat
786 1584 856 1663 agi,
872 1579 918 1638 cri·

238 1662 365 1724 minandi
385 1659 569 1742 S'ervii‘apud
583 1658 700 1732 Patres,
718 1659 917 1799 crescendithue

238 1745 268 1802 in
288 1745 363 1802 curia
379 1740 431 1800 sibi
448 1740 626 1801 occasionem
649 1741 742 1800 datam
757 1758 834 1802 ratus
854 1761 870 1800 e
906 1782 915 1812 ‚

236 1822 350 1902 &ipse
370 1824 482 1901 juvenis
505 1821 627 1880 ardentis
653 1824 762 1896 animi,
786 1825 818 1884 ὅ(
840 1820 915 1883 domi

207 1933 212 1939 -
223 1955 225 1957 ,
238 1922 329 1961 uxore
336 1900 433 1961 Tullii
444 1902 600 1982 inquietum
611 1903 736 1961 animum
747 1901 915 1963 stimulante.
957 1966 959 1974 k

238 1979 320 2042 Tulit
330 1982 408 2040 enim
422 1982 453 2041 &
467 1980 599 2041 Romana
607 1983 685 2064 regia
694 1980 807 2042 sceleris
821 1981 915 2064 tragici

239 2060 422 2141 exemplum,
440 2077 472 2120 ut
490 2062 577 2121 taedio
595 2082 696 2144 regum
713 2065 851 2127 maturior
868 2081 917 2122 ve-

240 2141 443 2211 niretllibertas
459 2164 468 2219 3
484 2142 673 2224 ultimumque
693 2162 813 2224 regnum
832 2139 914 2213 esset,
975 2166 976 2169 ¹

240 2221 320 2304 quod
333 2221 437 2282 scelere
471 2240 562 2283 artum
576 2222 660 2282 foret.
676 2221 733 2281 Hic
748 2221 781 2282 L.
801 2221 860 2283 Tar
879 2222 915 2280 ui·

240 2305 304 2362 nius
321 2302 429 2385 (Prisci
446 2244 595 2384 1sarquinii
612 2304 686 2383 regis
704 2301 779 2362 silius
791 2244 913 2385 nepoine
975 2342 976 2389 1

240 2381 344 2455 suerit,
377 2404 455 2442 arum
471 2380 713 2463 liquetzpluribus
723 2399 820 2443 tamen
829 2380 915 2443 audo·
975 2392 976 2433 t

240 2461 318 2523 ribus
338 2404 428 2523 sisium
454 2460 625 2543 ediderim)
649 2461 765 2525 fratrem
786 2465 914 2524 habuerat

238 2540 383 2603 ‘Aruntem
401 2540 608 2624 Tarquinium,
624 2545 700 2602 mitis
716 2545 823 2626 ingenii
841 2542 913 2625 juve·

239 2642 319 2681 uem.
335 2622 389 2681 His
405 2622 532 2698 duobus,
546 2640 578 2685 ut
589 2625 652 2683 ant'e
668 2622 775 2687 didum
790 2623 844 2698 est,
857 2621 912 2682 duae

241 2700 346 2761 Tulliae
361 2707 438 2786 regis
453 2703 519 2764 filiae
529 2703 699 2786 nupserant,
710 2705 743 2764 &
757 2700 913 2841 ifsaelongd

241 2780 365 2864 dispares
383 2785 520 2844 moribus.
540 2784 625 2844 Forte
643 2787 681 2842 ita
702 2785 757 2842 inci
780 2802 861 2856 erat,
879 2798 911 2839 ne

241 2864 300 2930 duo
309 2864 438 2932 violenta
451 2868 565 2957 ingenia
577 2865 759 2929 matrimonio
770 2861 915 2953 jungeret¹
