1984 3600
204 222 430 294 Lrnrn
487 154 569 296 lif.
660 234 733 324 335·

47 327 72 398 se
90 334 237 400 deledlum
255 340 479 423 impediturum,
497 359 607 422 quum,
629 341 733 422 quierit
744 354 842 407 aad

49 414 194 495 finitimis,
212 441 312 503 neque
327 422 428 496 bello,
446 434 540 504 neque
558 420 629 481 belli
647 442 663 480 a
684 442 733 501 pa·
744 423 840 494 Ugru-

50 514 105 558 ratu
120 522 195 582 opus
211 500 294 563 esset.
313 500 446 584 Sequitur
461 504 533 562 hanc
548 443 734 583 tranquillini·
744 485 843 525 ’ΜΨ

54 592 107 637 tem
123 602 222 641 rerum
240 603 351 655 annus,
370 582 493 644 Proculo
513 580 645 666 Geganio
666 581 733 641 Ma·
768 589 832 635 noe.

52 661 158 735 cerino,
181 662 219 723 L.
243 662 386 724 Menenio
411 663 527 724 Lanatov
545 661 706 724 consulibus
722 640 834 740 ,33³2

49 739 193 822 multiplici
212 741 302 804 clade
316 765 348 803 ac
364 744 493 826 periculo
512 742 642 825 insignis,
658 743 733 804 sedi-
743 738 840 829 &ffb

48 817 186 897 tionibus,
206 822 312 895 farne,
328 844 418 906 regno
434 825 527 905 prope
547 845 598 905 per
611 825 736 965 laggitio·

51 901 89 959 nis
101 901 293 965 dulcedinem
310 906 341 964 in
351 907 477 966 cervices
494 921 623 985 accepto.
665 924 744 964 num·

53 977 115 1042 aluit
132 983 250 1046 bellum
269 1003 439 1060 externum,
459 1007 518 1067 quo
541 983 562 1043 st
578 1002 735 1079 aggravatae

55 1062 220 1137 recesserit,
239 1068 293 1128 vix
313 1086 370 1148 ope
390 1066 511 1126 deorum
528 1086 658 1125 omnium
680 1062 735 1125 sisti

55 1144 188 1219 potuiffet
208 1144 368 1227 Coeperea
380 1145 455 1206 fame
466 1145 560 1217 mala,
575 1144 622 1205 seu
635 1145 736 1205 adver·
756 1154 836 1206 faur

55 1217 93 1282 sus
114 1246 206 1287 annus
229 1226 360 1309 frugibus
388 1225 463 1300 fuit,
483 1224 557 1299 seu,
584 1226 736 1287 dulcedine

37 1311 40 1318 ’
56 1307 227 1368 concionum
243 1310 278 1369 δι
295 1307 393 1381 urhis,
407 1306 519 1367 deserto
533 1327 666 1388 agrorum
676 1306 738 1367 cul-

56 1396 180 1458 t⁰3nam
199 1405 359 1469 utrumque
372 1387 490 1448 traditur
504 1408 511 1448 :
524 1389 555 1448 &
570 1386 665 1449 Patres
698 1386 739 1447 le·

57 1460 119 1524 bem
134 1466 292 1543 desidem,
311 1467 461 1529 &tribuni
475 1467 568 1549 plebis
583 1463 657 1527 nunc
669 1410 740 1528 siau·

61 1540 120 1606 dem
132 1592 142 1623 ,
157 1570 241 1609 nunc
251 1550 451 1631 negligentiam
469 1546 616 1610 consulum
627 1545 740 1608 accusa·

60 1621 129 1687 bant.
148 1626 303 1692 Postremo
334 1629 484 1712 perpulere
509 1627 639 1710 plebeii,
663 1628 740 1689 haud
851 1655 855 1664 ·

63 1704 224 1772 adversante
243 1708 358 1783 senatu,
374 1727 405 1771 ut
420 1711 452 1771 L.
466 1707 610 1770 Minucius
620 1706 740 1791 praesec·

63 1799 102 1846 tus
122 1811 247 1854 annonae
264 1808 405 1865 crearetur
422 1815 431 1868 3
449 1789 560 1851 felicior
576 1791 606 1849 in
625 1810 667 1850 eo
681 1809 741 1849 ma·

65 1865 173 1946 gistratu
201 1873 240 1934 ad
266 1871 422 1933 custodiam
445 1872 582 1932 libertatis
604 1869 741 1945 futurus,

65 1948 146 2027 qtdrn
157 1954 388 2018 adcurationem
405 1950 551 2013 ministerii
564 1950 605 2010 sui
620 1972 628 2011 t
642 1971 741 2032 quam·

69 2029 741 2115 quampostretnbannonaequoquelevataehaud

73 2104 237 2175 inmeritam
249 2117 282 2177 &
294 2116 411 2196 gratiam
424 2112 585 2194 &gloriam
595 2111 666 2171 tulit.
677 2108 741 2187 Qui

73 2208 172 2283 quum,
183 2196 280 2258 multis
295 2197 369 2255 circa
377 2192 514 2254 finitimos
530 2190 655 2273 populos
668 2189 743 2333 le'ffi}

74 2275 191 2337 tionibus
208 2278 283 2337 terri
301 2277 428 2357 marique
441 2294 477 2333 ne
518 2272 634 2353 idquam
655 2291 695 2329 mr

70 2347 88 2430 (
99 2352 145 2414 nist
157 2357 238 2441 quod
252 2377 288 2417 ex
301 2355 412 2417 Etruria
423 2356 477 2414 hau
511 2356 549 2413 ita
558 2350 679 2412 multum
689 2348 743 2413 fru-

75 2437 157 2495 menti
180 2436 332 2499 advectum
350 2434 413 2518 est)
429 2435 540 2496 nullum
563 2448 743 2494 momentum

77 2531 188 2578 annonae
201 2516 322 2591 fecisset,
343 2519 395 2589 ἃ,
411 2516 560 2576 revolutus
575 2514 612 2574 ad
631 2511 744 2594 dispen·
802 2526 806 2531 ’

77 2588 206 2659 sationem
224 2600 356 2681 inopie,
375 2595 502 2678 profiteri
529 2595 662 2679 cogendo
687 2592 744 2652 fru-

79 2688 219 2753 mentum,
240 2681 272 2740 &
287 2679 414 2738 vendere
428 2677 508 2759 quod
527 2675 578 2735 usu
601 2671 745 2734 menstruo

80 2747 239 2834 superesset,
253 2757 466 2839 fraudandoque
506 2773 563 2815 arte
579 2754 671 2813 diurni
688 2754 744 2813 cibi

85 2827 467 2916 serriumcrimiuandoiude
520 2833 746 2916 objiciendoirae
